<record><header><identifier>oai:alma.41SLSP_UGE:991000034329705502</identifier><datestamp>2023-04-22T00:11:36Z</datestamp><setSpec>uge_bcen_RapidILL_BOOK</setSpec><setSpec>uge_aaca_RapidILL_BOOK</setSpec><setSpec>uge_abels_RapidILL_BOOK</setSpec><setSpec>uge_dbu_RapidILL_BOOK</setSpec><setSpec>uge_cmu_RapidILL_BOOK</setSpec><setSpec>uge_mail_RapidILL_BOOK</setSpec><setSpec>uge_abbat_RapidILL_BOOK</setSpec><setSpec>UNIGE_ALL</setSpec><setSpec>uge_acar_RapidILL_BOOK</setSpec><setSpec>uge_aobs_RapidILL_BOOK</setSpec></header><metadata>
<record xmlns="http://www.loc.gov/MARC21/slim" xmlns:xsi="http://www.w3.org/2001/XMLSchema-instance" xsi:schemaLocation="http://www.loc.gov/MARC21/slim http://www.loc.gov/standards/marcxml/schema/MARC21slim.xsd"><leader>01230nam a2200337 c 4500</leader><controlfield tag="001">991000034329705502</controlfield><controlfield tag="005">20201230220541.0</controlfield><controlfield tag="008">201011s1982    xxk||||| |||| 00| ||eng d</controlfield><datafield ind1=" " ind2=" " tag="020"><subfield code="a">0080275958</subfield></datafield><datafield ind1=" " ind2=" " tag="020"><subfield code="a">0080276083</subfield></datafield><datafield ind1=" " ind2=" " tag="035"><subfield code="a">(swissbib)223841285-41slsp_network</subfield></datafield><datafield ind1=" " ind2=" " tag="035"><subfield code="a">223841285</subfield><subfield code="9">ExL</subfield></datafield><datafield ind1=" " ind2=" " tag="035"><subfield code="a">(RERO)R260420260-41slsp</subfield></datafield><datafield ind1=" " ind2=" " tag="035"><subfield code="a">(NEBIS)000259702EBI01</subfield></datafield><datafield ind1=" " ind2=" " tag="035"><subfield code="a">(EXLNZ-41SLSP_NETWORK)991068327249705501</subfield></datafield><datafield ind1=" " ind2=" " tag="040"><subfield code="a">RERO geusst</subfield><subfield code="d">CH-ZuSLS</subfield></datafield><datafield ind1=" " ind2="7" tag="072"><subfield code="a">st</subfield><subfield code="2">rero</subfield></datafield><datafield ind1="1" ind2=" " tag="100"><subfield code="a">Lindblom, Ulf</subfield><subfield code="0">(RERO)A005794317</subfield><subfield code="4">cre</subfield></datafield><datafield ind1="1" ind2="0" tag="245"><subfield code="a">Nuclear waste disposal</subfield><subfield code="b">can we rely on bedrock ?</subfield><subfield code="c">by Ulf Lindblom and Paul Gnirk</subfield></datafield><datafield ind1=" " ind2="1" tag="264"><subfield code="a">Oxford</subfield><subfield code="b">Pergamon Press</subfield><subfield code="c">[1982]</subfield></datafield><datafield ind1=" " ind2="4" tag="264"><subfield code="c">© 1982</subfield></datafield><datafield ind1=" " ind2=" " tag="300"><subfield code="a">VII, 60 p.</subfield><subfield code="c">20 x 21 cm</subfield><subfield code="b">fig.(partly col.)</subfield></datafield><datafield ind1=" " ind2=" " tag="336"><subfield code="b">txt</subfield><subfield code="2">rdacontent</subfield></datafield><datafield ind1=" " ind2=" " tag="337"><subfield code="b">n</subfield><subfield code="2">rdamedia</subfield></datafield><datafield ind1=" " ind2=" " tag="338"><subfield code="b">nc</subfield><subfield code="2">rdacarrier</subfield></datafield><datafield ind1=" " ind2="7" tag="650"><subfield code="a">déchets radioactifs - stockage</subfield><subfield code="0">(RERO)A010072152</subfield><subfield code="2">rerovoc</subfield></datafield><datafield ind1=" " ind2="7" tag="650"><subfield code="a">EINSCHLUSS RADIOAKTIVER ABFÄLLE IN FESTE STOFFE (ABFALLWESEN)</subfield><subfield code="9">ger</subfield><subfield code="0">(ETHUDK)000027954</subfield><subfield code="2">ethudk</subfield></datafield><datafield ind1=" " ind2="7" tag="650"><subfield code="a">RADIOAKTIVE ABFÄLLE (ABFALLWESEN)</subfield><subfield code="9">ger</subfield><subfield code="0">(ETHUDK)000030368</subfield><subfield code="2">ethudk</subfield></datafield><datafield ind1="1" ind2=" " tag="700"><subfield code="a">Lindblom, U.</subfield></datafield><datafield ind1="1" ind2=" " tag="700"><subfield code="a">Gnirk, Paul</subfield><subfield code="d">1937-</subfield><subfield code="0">(DE-588)1089095775</subfield></datafield><datafield ind1="1" ind2=" " tag="700"><subfield code="a">Gnirk, Paul</subfield><subfield code="0">(RERO)A005794319</subfield></datafield><datafield ind1=" " ind2=" " tag="900"><subfield code="a">REROnoselfmerge</subfield></datafield></record>
</metadata></record>