<record><header><identifier>oai:alma.41SLSP_UGE:991000034429705502</identifier><datestamp>2024-06-28T00:08:37Z</datestamp><setSpec>uge_bcen_RapidILL_BOOK</setSpec><setSpec>uge_aaca_RapidILL_BOOK</setSpec><setSpec>uge_abels_RapidILL_BOOK</setSpec><setSpec>uge_dbu_RapidILL_BOOK</setSpec><setSpec>uge_cmu_RapidILL_BOOK</setSpec><setSpec>uge_mail_RapidILL_BOOK</setSpec><setSpec>uge_abbat_RapidILL_BOOK</setSpec><setSpec>UNIGE_ALL</setSpec><setSpec>uge_aobs_RapidILL_BOOK</setSpec><setSpec>uge_acar_RapidILL_BOOK</setSpec></header><metadata>
<record xmlns="http://www.loc.gov/MARC21/slim" xmlns:xsi="http://www.w3.org/2001/XMLSchema-instance" xsi:schemaLocation="http://www.loc.gov/MARC21/slim http://www.loc.gov/standards/marcxml/schema/MARC21slim.xsd"><leader>02357nam a2200517 c 4500</leader><controlfield tag="001">991000034429705502</controlfield><controlfield tag="005">20240627094028.0</controlfield><controlfield tag="008">201011s1988    au ||||| |||| 10| ||eng d</controlfield><datafield ind1=" " ind2=" " tag="020"><subfield code="a">3900312613</subfield></datafield><datafield ind1=" " ind2=" " tag="035"><subfield code="a">(swissbib)229136915-41slsp_network</subfield></datafield><datafield ind1=" " ind2=" " tag="035"><subfield code="a">229136915</subfield><subfield code="9">ExL</subfield></datafield><datafield ind1=" " ind2=" " tag="035"><subfield code="a">(RERO)0993196-41slsp</subfield></datafield><datafield ind1=" " ind2=" " tag="035"><subfield code="a">(IDSBB)000564726DSV01</subfield></datafield><datafield ind1=" " ind2=" " tag="035"><subfield code="a">(NEBIS)000531268EBI01</subfield></datafield><datafield ind1=" " ind2=" " tag="035"><subfield code="a">(EXLNZ-41SLSP_NETWORK)991027096439705501</subfield></datafield><datafield ind1=" " ind2=" " tag="040"><subfield code="a">RERO frbcuc</subfield><subfield code="d">CH-ZuSLS</subfield></datafield><datafield ind1=" " ind2="7" tag="072"><subfield code="a">st</subfield><subfield code="2">rero</subfield></datafield><datafield ind1=" " ind2="7" tag="072"><subfield code="a">ge</subfield><subfield code="2">SzZuIDS BS/BE</subfield></datafield><datafield ind1=" " ind2="7" tag="072"><subfield code="a">zo</subfield><subfield code="2">SzZuIDS BS/BE</subfield></datafield><datafield ind1="1" ind2="4" tag="082"><subfield code="a">590</subfield><subfield code="2">15</subfield></datafield><datafield ind1="0" ind2="0" tag="245"><subfield code="a">Second Workshop on Agglutinated Foraminifera Vienna 1986</subfield><subfield code="b">proceedings</subfield><subfield code="c">eds. : Fred Rögl, Felix M. Gradstein</subfield></datafield><datafield ind1=" " ind2="1" tag="264"><subfield code="a">Wien</subfield><subfield code="b">Geologische Bundesanstalt</subfield><subfield code="c">1988</subfield></datafield><datafield ind1=" " ind2=" " tag="300"><subfield code="a">354 p.</subfield><subfield code="b">ill.</subfield><subfield code="c">30 cm</subfield></datafield><datafield ind1=" " ind2=" " tag="336"><subfield code="b">txt</subfield><subfield code="2">rdacontent</subfield></datafield><datafield ind1=" " ind2=" " tag="337"><subfield code="b">n</subfield><subfield code="2">rdamedia</subfield></datafield><datafield ind1=" " ind2=" " tag="338"><subfield code="b">nc</subfield><subfield code="2">rdacarrier</subfield></datafield><datafield ind1="1" ind2=" " tag="490"><subfield code="a">Abhandlungen der Geologischen Bundesanstalt</subfield><subfield code="v">Bd. 41</subfield></datafield><datafield ind1=" " ind2="7" tag="650"><subfield code="a">foraminifère agglutinant</subfield><subfield code="0">(RERO)A010084422</subfield><subfield code="2">rerovoc</subfield></datafield><datafield ind1=" " ind2="7" tag="650"><subfield code="a">Fossile Foraminifera</subfield><subfield code="v">Kongressbericht</subfield><subfield code="2">idsbb</subfield></datafield><datafield ind1=" " ind2="7" tag="650"><subfield code="a">Foraminifera</subfield><subfield code="v">Kongressbericht</subfield><subfield code="2">idsbb</subfield></datafield><datafield ind1=" " ind2="7" tag="650"><subfield code="a">ABBILDUNGEN UND BILDWERKE (DOKUMENTENTYP)</subfield><subfield code="9">ger</subfield><subfield code="0">(ETHUDK)000000115</subfield><subfield code="2">ethudk</subfield></datafield><datafield ind1=" " ind2="7" tag="650"><subfield code="a">BIOSTRATIGRAPHIE</subfield><subfield code="9">ger</subfield><subfield code="0">(ETHUDK)000020458</subfield><subfield code="2">ethudk</subfield></datafield><datafield ind1=" " ind2="7" tag="650"><subfield code="a">FORAMINIFERA (PALÄOZOOLOGIE)</subfield><subfield code="9">ger</subfield><subfield code="0">(ETHUDK)000020963</subfield><subfield code="2">ethudk</subfield></datafield><datafield ind1=" " ind2="7" tag="650"><subfield code="a">FORAMINIFERA (ZOOLOGIE)</subfield><subfield code="9">ger</subfield><subfield code="0">(ETHUDK)000024763</subfield><subfield code="2">ethudk</subfield></datafield><datafield ind1=" " ind2="7" tag="650"><subfield code="a">MEERESBIOLOGIE + MEERESÖKOLOGIE (ÖKOLOGIE)</subfield><subfield code="9">ger</subfield><subfield code="0">(ETHUDK)000021453</subfield><subfield code="2">ethudk</subfield></datafield><datafield ind1=" " ind2="7" tag="650"><subfield code="a">SYSTEMATISCHE GRUPPEN + TAXONOMISCHE GRUPPEN (BIOTAXONOMIE)</subfield><subfield code="9">ger</subfield><subfield code="0">(ETHUDK)000021285</subfield><subfield code="2">ethudk</subfield></datafield><datafield ind1=" " ind2="7" tag="655"><subfield code="a">Actes de congrès</subfield><subfield code="0">(IDREF)02886431X</subfield><subfield code="2">idref</subfield></datafield><datafield ind1=" " ind2="7" tag="655"><subfield code="a">Konferenzschrift</subfield><subfield code="z">Wien</subfield><subfield code="y">1986</subfield><subfield code="2">gnd-content</subfield></datafield><datafield ind1=" " ind2="7" tag="655"><subfield code="a">Konferenzschrift</subfield><subfield code="z">Wien</subfield><subfield code="y">1986/06</subfield><subfield code="2">gnd-content</subfield></datafield><datafield ind1="1" ind2=" " tag="700"><subfield code="a">Gradstein, Felix M.</subfield><subfield code="d">1941-</subfield><subfield code="0">(DE-588)1055743162</subfield></datafield><datafield ind1="1" ind2=" " tag="700"><subfield code="a">Rögl, Fred</subfield><subfield code="0">(IDREF)097582026</subfield></datafield><datafield ind1="2" ind2=" " tag="711"><subfield code="a">Workshop on Agglutinated Foraminifera</subfield><subfield code="0">(DE-588)5006986-X</subfield></datafield><datafield ind1="2" ind2=" " tag="711"><subfield code="a">Workshop on Agglutinated Foraminifera</subfield><subfield code="n">2</subfield><subfield code="d">1986</subfield><subfield code="c">Wien</subfield><subfield code="0">(RERO)A012500531</subfield><subfield code="6">880-03</subfield></datafield><datafield ind1="2" ind2=" " tag="880"><subfield code="a">Workshop on Agglutinated Foraminifera</subfield><subfield code="n">2</subfield><subfield code="d">1986</subfield><subfield code="c">Wien</subfield><subfield code="0">(DE-588)2106536-6</subfield><subfield code="6">711-03</subfield></datafield><datafield ind1=" " ind2=" " tag="830"><subfield code="a">Abhandlungen der Geologischen Bundesanstalt</subfield><subfield code="v">41</subfield><subfield code="w">(NEBIS)000006524EBI01</subfield></datafield><datafield ind1=" " ind2=" " tag="830"><subfield code="a">Abhandlungen der Geologischen Bundesanstalt</subfield><subfield code="v">41</subfield><subfield code="w">(IDSBB)000036235DSV01</subfield></datafield><datafield ind1=" " ind2=" " tag="900"><subfield code="a">REROnoselfmerge</subfield></datafield></record>
</metadata></record>