<record><header><identifier>oai:alma.41SLSP_UGE:991000034629705502</identifier><datestamp>2023-03-01T01:08:49Z</datestamp><setSpec>uge_bcen_RapidILL_BOOK</setSpec><setSpec>uge_aaca_RapidILL_BOOK</setSpec><setSpec>uge_abels_RapidILL_BOOK</setSpec><setSpec>uge_dbu_RapidILL_BOOK</setSpec><setSpec>uge_cmu_RapidILL_BOOK</setSpec><setSpec>uge_mail_RapidILL_BOOK</setSpec><setSpec>UNIGE_ALL</setSpec><setSpec>uge_abbat_RapidILL_BOOK</setSpec><setSpec>uge_aobs_RapidILL_BOOK</setSpec><setSpec>uge_acar_RapidILL_BOOK</setSpec></header><metadata>
<record xmlns="http://www.loc.gov/MARC21/slim" xmlns:xsi="http://www.w3.org/2001/XMLSchema-instance" xsi:schemaLocation="http://www.loc.gov/MARC21/slim http://www.loc.gov/standards/marcxml/schema/MARC21slim.xsd"><leader>01019nam a2200265 c 4500</leader><controlfield tag="001">991000034629705502</controlfield><controlfield tag="005">20210207112738.0</controlfield><controlfield tag="008">180213s1997    ne ||||| |||| 00| ||eng d</controlfield><datafield ind1=" " ind2=" " tag="035"><subfield code="a">(swissbib)124558445-41slsp_network</subfield></datafield><datafield ind1=" " ind2=" " tag="035"><subfield code="a">124558445</subfield><subfield code="9">ExL</subfield></datafield><datafield ind1=" " ind2=" " tag="035"><subfield code="a">(RERO)R008764328-41slsp</subfield></datafield><datafield ind1=" " ind2=" " tag="035"><subfield code="a">(EXLNZ-41SLSP_NETWORK)991000106759705501</subfield></datafield><datafield ind1=" " ind2=" " tag="040"><subfield code="a">RERO geusst</subfield><subfield code="d">CH-ZuSLS</subfield></datafield><datafield ind1=" " ind2="7" tag="072"><subfield code="a">st</subfield><subfield code="2">rero</subfield></datafield><datafield ind1="1" ind2=" " tag="100"><subfield code="a">Mirzaei, Mahmoud</subfield><subfield code="0">(IDREF)167903659</subfield><subfield code="4">cre</subfield></datafield><datafield ind1="1" ind2="0" tag="245"><subfield code="a">Inversion of potential field data</subfield><subfield code="b">theory and applications in gravimetry and magnetometry = Inversie van potentiaalveld gegevens : theorie en toepassingen in de gravimetrie en de magnetometrie</subfield><subfield code="c">door Mahmoud Mirzaei</subfield></datafield><datafield ind1="1" ind2=" " tag="246"><subfield code="a">inversie van potentiaalveld gegevens</subfield></datafield><datafield ind1=" " ind2="1" tag="264"><subfield code="a">Utrecht</subfield><subfield code="b">[éditeur non identifié]</subfield><subfield code="c">[1997]</subfield></datafield><datafield ind1=" " ind2=" " tag="300"><subfield code="a">132 p.</subfield><subfield code="b">ill.</subfield><subfield code="c">25 cm</subfield></datafield><datafield ind1=" " ind2=" " tag="336"><subfield code="b">txt</subfield><subfield code="2">rdacontent</subfield></datafield><datafield ind1=" " ind2=" " tag="337"><subfield code="b">n</subfield><subfield code="2">rdamedia</subfield></datafield><datafield ind1=" " ind2=" " tag="338"><subfield code="b">nc</subfield><subfield code="2">rdacarrier</subfield></datafield><datafield ind1="1" ind2=" " tag="490"><subfield code="a">Geologica ultraiectina</subfield><subfield code="v">no. 143</subfield></datafield><datafield ind1=" " ind2=" " tag="504"><subfield code="a">Bibliogr.</subfield></datafield><datafield ind1=" " ind2="0" tag="830"><subfield code="a">Geologica ultraiectina</subfield><subfield code="v">143</subfield><subfield code="w">(RERO)1045203-41slsp</subfield></datafield><datafield ind1=" " ind2=" " tag="900"><subfield code="a">REROnoselfmerge</subfield></datafield></record>
</metadata></record>