<record><header><identifier>oai:alma.41SLSP_UGE:991000034109705502</identifier><datestamp>2024-09-27T00:07:07Z</datestamp><setSpec>uge_bcen_RapidILL_BOOK</setSpec><setSpec>uge_aaca_RapidILL_BOOK</setSpec><setSpec>uge_abels_RapidILL_BOOK</setSpec><setSpec>uge_dbu_RapidILL_BOOK</setSpec><setSpec>uge_cmu_RapidILL_BOOK</setSpec><setSpec>uge_mail_RapidILL_BOOK</setSpec><setSpec>uge_abbat_RapidILL_BOOK</setSpec><setSpec>UNIGE_ALL</setSpec><setSpec>uge_acar_RapidILL_BOOK</setSpec><setSpec>uge_aobs_RapidILL_BOOK</setSpec></header><metadata>
<record xmlns="http://www.loc.gov/MARC21/slim" xmlns:xsi="http://www.w3.org/2001/XMLSchema-instance" xsi:schemaLocation="http://www.loc.gov/MARC21/slim http://www.loc.gov/standards/marcxml/schema/MARC21slim.xsd"><leader>01422nam a2200445 c 4500</leader><controlfield tag="001">991000034109705502</controlfield><controlfield tag="005">20240926142856.0</controlfield><controlfield tag="008">201011s1974    fr ||||| |||| 00| ||fre d</controlfield><datafield ind1="7" ind2=" " tag="024"><subfield code="a">http://catalogue.bnf.fr/ark:/12148/cb35173720z</subfield><subfield code="2">uri</subfield></datafield><datafield ind1=" " ind2=" " tag="035"><subfield code="a">(swissbib)228617383-41slsp_network</subfield></datafield><datafield ind1=" " ind2=" " tag="035"><subfield code="a">228617383</subfield><subfield code="9">ExL</subfield></datafield><datafield ind1=" " ind2=" " tag="035"><subfield code="a">(RERO)0031703-41slsp</subfield></datafield><datafield ind1=" " ind2=" " tag="035"><subfield code="a">(NEBIS)002580150EBI01</subfield></datafield><datafield ind1=" " ind2=" " tag="035"><subfield code="a">(IDSSG)000309961HSB01</subfield></datafield><datafield ind1=" " ind2=" " tag="035"><subfield code="a">(IDSBB)000337186DSV01</subfield></datafield><datafield ind1=" " ind2=" " tag="035"><subfield code="a">(IDSLU)000640575ILU01</subfield></datafield><datafield ind1=" " ind2=" " tag="035"><subfield code="a">(EXLNZ-41SLSP_NETWORK)991058246239705501</subfield></datafield><datafield ind1=" " ind2=" " tag="040"><subfield code="a">RERO</subfield><subfield code="d">CH-ZuSLS</subfield></datafield><datafield ind1=" " ind2="7" tag="072"><subfield code="a">fr</subfield><subfield code="2">rero</subfield></datafield><datafield ind1=" " ind2="7" tag="072"><subfield code="a">sp</subfield><subfield code="2">rero</subfield></datafield><datafield ind1=" " ind2="7" tag="072"><subfield code="a">rs</subfield><subfield code="2">SzZuIDS BS/BE</subfield></datafield><datafield ind1=" " ind2="7" tag="072"><subfield code="a">100</subfield><subfield code="2">IDS LU</subfield></datafield><datafield ind1="0" ind2="4" tag="082"><subfield code="a">92</subfield><subfield code="b">S251j</subfield></datafield><datafield ind1="1" ind2="4" tag="082"><subfield code="a">840.914</subfield><subfield code="2">9a</subfield></datafield><datafield ind1="1" ind2="4" tag="082"><subfield code="a">194</subfield><subfield code="a">B</subfield></datafield><datafield ind1="1" ind2=" " tag="100"><subfield code="a">Jeanson, Francis</subfield><subfield code="d">1922-2009</subfield><subfield code="0">(IDREF)026937565</subfield><subfield code="4">aut</subfield></datafield><datafield ind1="1" ind2="0" tag="245"><subfield code="a">Sartre dans sa vie</subfield><subfield code="c">Francis Jeanson</subfield></datafield><datafield ind1=" " ind2="1" tag="264"><subfield code="a">Paris</subfield><subfield code="b">Ed. du Seuil</subfield><subfield code="c">1974</subfield></datafield><datafield ind1=" " ind2=" " tag="300"><subfield code="a">298 p.</subfield><subfield code="b">ill.</subfield><subfield code="c">20 cm</subfield></datafield><datafield ind1=" " ind2=" " tag="336"><subfield code="b">txt</subfield><subfield code="2">rdacontent</subfield></datafield><datafield ind1=" " ind2=" " tag="337"><subfield code="b">n</subfield><subfield code="2">rdamedia</subfield></datafield><datafield ind1=" " ind2=" " tag="338"><subfield code="b">nc</subfield><subfield code="2">rdacarrier</subfield></datafield><datafield ind1="1" ind2="7" tag="600"><subfield code="a">Sartre, Jean-Paul</subfield><subfield code="d">1905-1980</subfield><subfield code="0">(IDREF)027123227</subfield><subfield code="2">idref</subfield></datafield><datafield ind1="1" ind2="0" tag="600"><subfield code="a">Sartre, Jean-Paul</subfield><subfield code="d">1905-1980</subfield></datafield><datafield ind1="1" ind2="7" tag="600"><subfield code="a">Sartre, Jean-Paul</subfield><subfield code="d">1905-1980</subfield><subfield code="0">(DE-588)11860564X</subfield><subfield code="2">gnd</subfield></datafield><datafield ind1=" " ind2="0" tag="650"><subfield code="a">Philosophers</subfield><subfield code="z">France</subfield><subfield code="v">Biography</subfield></datafield><datafield ind1=" " ind2="7" tag="655"><subfield code="a">Biografie</subfield><subfield code="2">gnd-content</subfield></datafield><datafield ind1=" " ind2=" " tag="690"><subfield code="a">Sartre, Jean-Paul</subfield><subfield code="2">uzb-Z9</subfield></datafield><datafield ind1=" " ind2=" " tag="690"><subfield code="a">Sartre, Jean-Paul, B: Biographie</subfield><subfield code="2">rzs-L1</subfield></datafield><datafield ind1=" " ind2=" " tag="900"><subfield code="a">REROnoselfmerge</subfield></datafield><datafield ind1=" " ind2=" " tag="900"><subfield code="a">IDSERMedeaSOZARCH</subfield></datafield></record>
</metadata></record>