<record><header><identifier>oai:alma.41SLSP_UGE:991000034029705502</identifier><datestamp>2023-03-01T01:08:49Z</datestamp><setSpec>uge_bcen_RapidILL_BOOK</setSpec><setSpec>uge_aaca_RapidILL_BOOK</setSpec><setSpec>uge_abels_RapidILL_BOOK</setSpec><setSpec>uge_dbu_RapidILL_BOOK</setSpec><setSpec>uge_cmu_RapidILL_BOOK</setSpec><setSpec>uge_mail_RapidILL_BOOK</setSpec><setSpec>UNIGE_ALL</setSpec><setSpec>uge_abbat_RapidILL_BOOK</setSpec><setSpec>uge_aobs_RapidILL_BOOK</setSpec><setSpec>uge_acar_RapidILL_BOOK</setSpec></header><metadata>
<record xmlns="http://www.loc.gov/MARC21/slim" xmlns:xsi="http://www.w3.org/2001/XMLSchema-instance" xsi:schemaLocation="http://www.loc.gov/MARC21/slim http://www.loc.gov/standards/marcxml/schema/MARC21slim.xsd"><leader>02806nam a2200601 c 4500</leader><controlfield tag="001">991000034029705502</controlfield><controlfield tag="005">20211013204913.0</controlfield><controlfield tag="008">201011s1991    xxu||||| |||| 10| ||eng d</controlfield><datafield ind1=" " ind2=" " tag="010"><subfield code="a">91010755</subfield></datafield><datafield ind1=" " ind2=" " tag="019"><subfield code="a">Conte, Gianni (1946-) / Library of Congress</subfield></datafield><datafield ind1=" " ind2=" " tag="020"><subfield code="a">0817635483</subfield><subfield code="q">Boston</subfield></datafield><datafield ind1=" " ind2=" " tag="020"><subfield code="a">3764335483</subfield><subfield code="q">Basel</subfield></datafield><datafield ind1=" " ind2=" " tag="035"><subfield code="a">(swissbib)223526347-41slsp_network</subfield></datafield><datafield ind1=" " ind2=" " tag="035"><subfield code="a">223526347</subfield><subfield code="9">ExL</subfield></datafield><datafield ind1=" " ind2=" " tag="035"><subfield code="a">(RERO)1440591-41slsp</subfield></datafield><datafield ind1=" " ind2=" " tag="035"><subfield code="a">(NEBIS)000608518EBI01</subfield></datafield><datafield ind1=" " ind2=" " tag="035"><subfield code="a">(EXLNZ-41SLSP_NETWORK)991096938069705501</subfield></datafield><datafield ind1=" " ind2=" " tag="040"><subfield code="a">RERO geussm</subfield><subfield code="d">CH-ZuSLS</subfield></datafield><datafield ind1=" " ind2=" " tag="044"><subfield code="a">xxu</subfield><subfield code="a">sz</subfield></datafield><datafield ind1=" " ind2="7" tag="072"><subfield code="a">ma</subfield><subfield code="2">rero</subfield></datafield><datafield ind1="0" ind2="0" tag="082"><subfield code="a">003</subfield><subfield code="2">20</subfield></datafield><datafield ind1="1" ind2="4" tag="082"><subfield code="a">003</subfield><subfield code="2">22</subfield></datafield><datafield ind1=" " ind2=" " tag="084"><subfield code="a">93</subfield><subfield code="2">msc</subfield></datafield><datafield ind1="0" ind2="0" tag="245"><subfield code="a">New trends in systems theory</subfield><subfield code="b">proceedings of the Università di Genova-The Ohio State University Joint Conference [on New Trends in Systems Theory, Genova], July 9-11, 1990</subfield><subfield code="c">[ed. by] G. Conte, A.M. Perdon, B. Wyman</subfield></datafield><datafield ind1=" " ind2="1" tag="264"><subfield code="a">Boston</subfield><subfield code="a">Basel [etc.]</subfield><subfield code="b">Birkhäuser</subfield><subfield code="c">1991</subfield></datafield><datafield ind1=" " ind2=" " tag="300"><subfield code="a">XVII, 722 S.</subfield><subfield code="c">24 cm</subfield><subfield code="b">Ill.</subfield></datafield><datafield ind1=" " ind2=" " tag="336"><subfield code="b">txt</subfield><subfield code="2">rdacontent</subfield></datafield><datafield ind1=" " ind2=" " tag="337"><subfield code="b">n</subfield><subfield code="2">rdamedia</subfield></datafield><datafield ind1=" " ind2=" " tag="338"><subfield code="b">nc</subfield><subfield code="2">rdacarrier</subfield></datafield><datafield ind1="1" ind2=" " tag="490"><subfield code="a">Progress in systems and control theory</subfield><subfield code="v">vol. 7</subfield></datafield><datafield ind1=" " ind2=" " tag="500"><subfield code="a">Congrès de mathématiques. Genova. 1990</subfield></datafield><datafield ind1=" " ind2=" " tag="500"><subfield code="a">&quot;The University of Genoa-Ohio State University Joint Conference on New Trends in Systems Theory was held at the Badia di S. Andrea in Genoa&quot;</subfield></datafield><datafield ind1=" " ind2="7" tag="650"><subfield code="a">Systemtheorie</subfield><subfield code="2">idszbz</subfield></datafield><datafield ind1=" " ind2="7" tag="650"><subfield code="a">Systemtheorie</subfield><subfield code="0">(DE-588)4058812-9</subfield><subfield code="2">gnd</subfield></datafield><datafield ind1=" " ind2="0" tag="650"><subfield code="a">System theory</subfield><subfield code="v">Congresses</subfield></datafield><datafield ind1=" " ind2="7" tag="650"><subfield code="a">MODULN (ALGEBRA)</subfield><subfield code="9">ger</subfield><subfield code="0">(ETHUDK)000012696</subfield><subfield code="2">ethudk</subfield></datafield><datafield ind1=" " ind2="7" tag="650"><subfield code="a">NEURONALE NETZWERKE + KONNEKTIONISMUS (KÜNSTLICHE INTELLIGENZ)</subfield><subfield code="9">ger</subfield><subfield code="0">(ETHUDK)000042509</subfield><subfield code="2">ethudk</subfield></datafield><datafield ind1=" " ind2="7" tag="650"><subfield code="a">STRUKTURELLE STABILITÄT (GEWÖHNLICHE DIFFERENTIALGLEICHUNGEN)</subfield><subfield code="9">ger</subfield><subfield code="0">(ETHUDK)000042752</subfield><subfield code="2">ethudk</subfield></datafield><datafield ind1=" " ind2="7" tag="650"><subfield code="a">THEORIE DER REGELUNGSSYSTEME (MATHEMATIK)</subfield><subfield code="9">ger</subfield><subfield code="0">(ETHUDK)000013767</subfield><subfield code="2">ethudk</subfield></datafield><datafield ind1=" " ind2="7" tag="650"><subfield code="a">WAHRSCHEINLICHKEITSTHEORIE UND STOCHASTISCHE PROZESSE (MATHEMATIK)</subfield><subfield code="9">ger</subfield><subfield code="0">(ETHUDK)000013522</subfield><subfield code="2">ethudk</subfield></datafield><datafield ind1=" " ind2="7" tag="655"><subfield code="a">Aufsatzsammlung</subfield><subfield code="2">idszbz</subfield></datafield><datafield ind1=" " ind2="7" tag="655"><subfield code="a">Konferenzschrift</subfield><subfield code="z">Genova</subfield><subfield code="y">1990</subfield><subfield code="2">gnd-content</subfield></datafield><datafield ind1="1" ind2=" " tag="700"><subfield code="a">Perdon, Anna Maria</subfield></datafield><datafield ind1="1" ind2=" " tag="700"><subfield code="a">Wyman, Bostwick</subfield></datafield><datafield ind1="1" ind2=" " tag="700"><subfield code="a">Conte, Gianni</subfield><subfield code="0">(RERO)A003131773</subfield></datafield><datafield ind1="2" ind2=" " tag="710"><subfield code="a">Università degli Studi di Genova</subfield><subfield code="0">(DE-588)1010593-1</subfield></datafield><datafield ind1="2" ind2=" " tag="710"><subfield code="a">&lt;&lt;The&gt;&gt; Ohio State University</subfield><subfield code="0">(DE-588)9839-5</subfield></datafield><datafield ind1="2" ind2=" " tag="710"><subfield code="a">Ohio State university</subfield><subfield code="g">Colombus</subfield><subfield code="0">(IDREF)026416018</subfield></datafield><datafield ind1="2" ind2=" " tag="710"><subfield code="a">Università degli studi</subfield><subfield code="g">Gênes, Italie</subfield><subfield code="0">(IDREF)032054262</subfield></datafield><datafield ind1="2" ind2=" " tag="711"><subfield code="a">Joint Conference on New Trends in Systems Theory</subfield><subfield code="d">1990</subfield><subfield code="c">Genua</subfield><subfield code="0">(DE-588)5097497-X</subfield></datafield><datafield ind1="2" ind2=" " tag="711"><subfield code="a">University of Genoa-Ohio State University Joint Conference on New Trends in Systems Theory</subfield><subfield code="d">1990</subfield><subfield code="c">Genova</subfield><subfield code="0">(RERO)A012392223</subfield></datafield><datafield ind1=" " ind2=" " tag="830"><subfield code="a">Progress in systems and control theory</subfield><subfield code="v">7</subfield><subfield code="w">(NEBIS)000543621EBI01</subfield></datafield><datafield ind1=" " ind2=" " tag="900"><subfield code="a">REROnoselfmerge</subfield></datafield><datafield ind1=" " ind2=" " tag="900"><subfield code="f">IDSU2medea</subfield></datafield></record>
</metadata></record>