<record><header><identifier>oai:alma.41SLSP_UGE:991000034229705502</identifier><datestamp>2024-04-14T00:13:05Z</datestamp><setSpec>uge_bcen_RapidILL_BOOK</setSpec><setSpec>uge_aaca_RapidILL_BOOK</setSpec><setSpec>uge_abels_RapidILL_BOOK</setSpec><setSpec>uge_dbu_RapidILL_BOOK</setSpec><setSpec>uge_cmu_RapidILL_BOOK</setSpec><setSpec>uge_mail_RapidILL_BOOK</setSpec><setSpec>uge_abbat_RapidILL_BOOK</setSpec><setSpec>UNIGE_ALL</setSpec><setSpec>uge_acar_RapidILL_BOOK</setSpec><setSpec>uge_aobs_RapidILL_BOOK</setSpec></header><metadata>
<record xmlns="http://www.loc.gov/MARC21/slim" xmlns:xsi="http://www.w3.org/2001/XMLSchema-instance" xsi:schemaLocation="http://www.loc.gov/MARC21/slim http://www.loc.gov/standards/marcxml/schema/MARC21slim.xsd"><leader>03871nam a2200721 c 4500</leader><controlfield tag="001">991000034229705502</controlfield><controlfield tag="005">20230629105447.0</controlfield><controlfield tag="008">201011s2019    cau      b||| 001 0 eng|c</controlfield><datafield ind1=" " ind2=" " tag="010"><subfield code="a">2019002873</subfield></datafield><datafield ind1=" " ind2=" " tag="020"><subfield code="z">9780520968264</subfield><subfield code="q">ebook and PDF</subfield></datafield><datafield ind1=" " ind2=" " tag="020"><subfield code="a">9780520295537</subfield><subfield code="q">hardcover</subfield><subfield code="q">alkaline paper</subfield></datafield><datafield ind1=" " ind2=" " tag="020"><subfield code="a">0520295536</subfield><subfield code="q">hardcover</subfield><subfield code="q">alkaline paper</subfield></datafield><datafield ind1=" " ind2=" " tag="035"><subfield code="a">(swissbib)22159860X-41slsp_network</subfield></datafield><datafield ind1=" " ind2=" " tag="035"><subfield code="a">22159860X</subfield><subfield code="9">ExL</subfield></datafield><datafield ind1=" " ind2=" " tag="035"><subfield code="a">(NEBIS)011361905EBI01</subfield></datafield><datafield ind1=" " ind2=" " tag="035"><subfield code="a">(RERO)R008991808-41slsp</subfield></datafield><datafield ind1=" " ind2=" " tag="035"><subfield code="a">(OCoLC)1083673975</subfield></datafield><datafield ind1=" " ind2=" " tag="035"><subfield code="a">(EXLNZ-41SLSP_NETWORK)991065167149705501</subfield></datafield><datafield ind1=" " ind2=" " tag="040"><subfield code="a">CU-S/DLC</subfield><subfield code="b">ger</subfield><subfield code="e">rda</subfield><subfield code="d">CH-ZuSLS</subfield></datafield><datafield ind1=" " ind2=" " tag="042"><subfield code="a">pcc</subfield></datafield><datafield ind1="0" ind2="0" tag="050"><subfield code="a">TP447.M4</subfield><subfield code="b">W87 2019</subfield></datafield><datafield ind1=" " ind2="7" tag="072"><subfield code="a">so</subfield><subfield code="2">rero</subfield></datafield><datafield ind1="7" ind2="4" tag="082"><subfield code="a">660</subfield><subfield code="2">23sdnb</subfield></datafield><datafield ind1="0" ind2="0" tag="082"><subfield code="a">664/.929</subfield><subfield code="2">23</subfield></datafield><datafield ind1="1" ind2="4" tag="082"><subfield code="a">660</subfield><subfield code="2">15</subfield></datafield><datafield ind1="1" ind2=" " tag="100"><subfield code="a">Wurgaft, Benjamin Aldes</subfield><subfield code="6">880-01</subfield><subfield code="0">(DE-588)1091571007</subfield><subfield code="e">Verfasser</subfield><subfield code="4">aut</subfield></datafield><datafield ind1="1" ind2=" " tag="880"><subfield code="6">100-01/(B</subfield><subfield code="a">Wurgaft, Benjamin Aldes</subfield><subfield code="d">19..-....</subfield><subfield code="0">(IDREF)195696999</subfield><subfield code="4">aut</subfield></datafield><datafield ind1="1" ind2="0" tag="245"><subfield code="a">Meat planet</subfield><subfield code="b">artificial flesh and the future of food</subfield><subfield code="c">Benjamin Aldes Wurgaft</subfield></datafield><datafield ind1=" " ind2="1" tag="264"><subfield code="a">Oakland, California</subfield><subfield code="b">University of California Press</subfield><subfield code="c">[2019]</subfield></datafield><datafield ind1=" " ind2="4" tag="264"><subfield code="c">© 2019</subfield></datafield><datafield ind1=" " ind2=" " tag="300"><subfield code="a">xiii, 242 pages</subfield><subfield code="c">24 cm</subfield></datafield><datafield ind1=" " ind2=" " tag="336"><subfield code="b">txt</subfield><subfield code="2">rdacontent</subfield></datafield><datafield ind1=" " ind2=" " tag="337"><subfield code="b">n</subfield><subfield code="2">rdamedia</subfield></datafield><datafield ind1=" " ind2=" " tag="338"><subfield code="b">nc</subfield><subfield code="2">rdacarrier</subfield></datafield><datafield ind1="1" ind2=" " tag="490"><subfield code="a">California studies in food and culture</subfield><subfield code="v">69</subfield></datafield><datafield ind1=" " ind2=" " tag="504"><subfield code="a">Includes bibliographical references and index</subfield></datafield><datafield ind1="0" ind2=" " tag="505"><subfield code="a">Cyberspace/meatspace -- Meat -- Promise -- Fog -- Doubt -- Hope -- Tree -- Future -- Prometheus -- Memento -- Copy -- Philosophers -- Maastricht -- Kosher -- Whale -- Cannibals -- Gathering/parting -- Epimetheus</subfield></datafield><datafield ind1="8" ind2=" " tag="520"><subfield code="a">&quot;Meat Planet explores the quest to grow meat in laboratories--a substance sometimes called &quot;cultured meat&quot;--And asks what it means to imagine that this is the future of food. This book takes the reader on a tour of the laboratories, kitchens, public debates, and media events that may launch this novel food technology. While pundits and entrepreneurs promote cultured meat as a solution to the ethical and environmental problems of industrial meat, Meat Planet meditates on the philosophical, historical and anthropological meanings of future flesh&quot;--Provided by publisher</subfield></datafield><datafield ind1=" " ind2="7" tag="650"><subfield code="a">Ernährungswissenschaft</subfield><subfield code="0">(DE-588)4152829-3</subfield><subfield code="2">gnd</subfield></datafield><datafield ind1=" " ind2="7" tag="650"><subfield code="a">Fleischersatz</subfield><subfield code="0">(DE-588)7846459-6</subfield><subfield code="2">gnd</subfield></datafield><datafield ind1=" " ind2="7" tag="650"><subfield code="a">Fleischindustrie</subfield><subfield code="0">(DE-588)4389721-6</subfield><subfield code="2">gnd</subfield></datafield><datafield ind1=" " ind2="7" tag="650"><subfield code="a">Lebensmittelindustrie</subfield><subfield code="0">(DE-588)4034889-1</subfield><subfield code="2">gnd</subfield></datafield><datafield ind1=" " ind2="7" tag="650"><subfield code="a">Philosophische Anthropologie</subfield><subfield code="0">(DE-588)4045798-9</subfield><subfield code="2">gnd</subfield></datafield><datafield ind1=" " ind2="7" tag="650"><subfield code="a">BIOETHIK</subfield><subfield code="9">ger</subfield><subfield code="0">(ETHUDK)000009761</subfield><subfield code="2">ethudk</subfield></datafield><datafield ind1=" " ind2="7" tag="650"><subfield code="a">FLEISCH, FISCHE (HUMANERNÄHRUNG)</subfield><subfield code="9">ger</subfield><subfield code="0">(ETHUDK)000026413</subfield><subfield code="2">ethudk</subfield></datafield><datafield ind1=" " ind2="7" tag="650"><subfield code="a">FLEISCH-ERSATZ (LEBENSMITTELINDUSTRIE)</subfield><subfield code="9">ger</subfield><subfield code="0">(ETHUDK)000031978</subfield><subfield code="2">ethudk</subfield></datafield><datafield ind1=" " ind2="7" tag="650"><subfield code="a">FLEISCH-MARKT + FLEISCH-HANDEL</subfield><subfield code="9">ger</subfield><subfield code="0">(ETHUDK)000031954</subfield><subfield code="2">ethudk</subfield></datafield><datafield ind1=" " ind2="7" tag="650"><subfield code="a">TIERSCHUTZ (ETHIK)</subfield><subfield code="9">ger</subfield><subfield code="0">(ETHUDK)000009784</subfield><subfield code="2">ethudk</subfield></datafield><datafield ind1=" " ind2="7" tag="650"><subfield code="a">LEBENSMITTELBIOTECHNOLOGIE + TRANSGENE LEBENSMITTEL</subfield><subfield code="9">ger</subfield><subfield code="0">(ETHUDK)000049367</subfield><subfield code="2">ethudk</subfield></datafield><datafield ind1=" " ind2="0" tag="650"><subfield code="a">Meat substitutes</subfield></datafield><datafield ind1=" " ind2="0" tag="650"><subfield code="a">Artificial foods</subfield></datafield><datafield ind1=" " ind2="0" tag="650"><subfield code="a">Meat industry and trade</subfield><subfield code="x">Moral and ethical aspects</subfield></datafield><datafield ind1=" " ind2="7" tag="650"><subfield code="a">Viande in vitro</subfield><subfield code="0">(IDREF)180580345</subfield><subfield code="2">idref</subfield></datafield><datafield ind1=" " ind2="7" tag="650"><subfield code="a">Viande</subfield><subfield code="0">(IDREF)027255581</subfield><subfield code="2">idref</subfield></datafield><datafield ind1=" " ind2="7" tag="650"><subfield code="a">Morale</subfield><subfield code="0">(IDREF)027790029</subfield><subfield code="2">idref</subfield></datafield><datafield ind1=" " ind2="7" tag="650"><subfield code="a">Industries agroalimentaires</subfield><subfield code="0">(IDREF)027460924</subfield><subfield code="2">idref</subfield></datafield><datafield ind1=" " ind2="7" tag="650"><subfield code="a">Alimentation artificielle</subfield><subfield code="0">(IDREF)027804127</subfield><subfield code="2">idref</subfield></datafield><datafield ind1=" " ind2="0" tag="655"><subfield code="a">Electronic books</subfield></datafield><datafield ind1="4" ind2=" " tag="856"><subfield code="3">Titelblatt und Inhaltsverzeichnis</subfield><subfield code="u">https://toc.library.ethz.ch/objects/pdf03/z01_978-0-520-29553-7_01.pdf</subfield><subfield code="q">pdf</subfield></datafield><datafield ind1=" " ind2=" " tag="830"><subfield code="a">California studies in food and culture</subfield><subfield code="v">69</subfield><subfield code="w">(RERO)R003164303-41slsp</subfield></datafield><datafield ind1=" " ind2=" " tag="900"><subfield code="a">IDSZ2zbzmon201908f</subfield><subfield code="c">IDSZ2beer</subfield><subfield code="d">IDSZ2zbzswk201908b</subfield><subfield code="e">IDSZ2tschu</subfield></datafield><datafield ind1=" " ind2=" " tag="900"><subfield code="a">REROnoselfmerge</subfield></datafield><datafield ind1=" " ind2=" " tag="910"><subfield code="a">OCoLC</subfield><subfield code="b">20191128</subfield><subfield code="c">Réutilisation sous conditions: Licence ODC-BY</subfield></datafield><datafield ind1=" " ind2=" " tag="949"><subfield code="a">https://toc.library.ethz.ch/objects/pdf03/z01_978-0-520-29553-7_01.pdf</subfield></datafield></record>
</metadata></record>