<record><header><identifier>oai:alma.41SLSP_UGE:991000034539705502</identifier><datestamp>2023-03-01T01:08:49Z</datestamp><setSpec>uge_cmu_RapidILL_JOURNAL</setSpec><setSpec>uge_aobs_RapidILL_JOURNAL</setSpec><setSpec>uge_aaca_RapidILL_JOURNAL</setSpec><setSpec>uge_abbat_RapidILL_JOURNAL</setSpec><setSpec>uge_bcen_RapidILL_JOURNAL</setSpec><setSpec>uge_dbu_RapidILL_JOURNAL</setSpec><setSpec>uge_mail_RapidILL_JOURNAL</setSpec><setSpec>UNIGE_ALL</setSpec><setSpec>uge_abels_RapidILL_JOURNAL</setSpec><setSpec>uge_acar_RapidILL_JOURNAL</setSpec></header><metadata>
<record xmlns="http://www.loc.gov/MARC21/slim" xmlns:xsi="http://www.w3.org/2001/XMLSchema-instance" xsi:schemaLocation="http://www.loc.gov/MARC21/slim http://www.loc.gov/standards/marcxml/schema/MARC21slim.xsd"><leader>01363nas a2200349 c 4500</leader><controlfield tag="001">991000034539705502</controlfield><controlfield tag="005">20230216203833.0</controlfield><controlfield tag="008">201012d20012011sz || p|  ||| 0    0fre d</controlfield><datafield ind1=" " ind2=" " tag="019"><subfield code="a">Notices analytiques.</subfield><subfield code="5">RERO/geufpe/10.2007</subfield></datafield><datafield ind1=" " ind2=" " tag="022"><subfield code="a">1424-893X</subfield></datafield><datafield ind1=" " ind2=" " tag="035"><subfield code="a">(swissbib)238065979-41slsp_network</subfield></datafield><datafield ind1=" " ind2=" " tag="035"><subfield code="a">238065979</subfield><subfield code="9">ExL</subfield></datafield><datafield ind1=" " ind2=" " tag="035"><subfield code="a">(RERO)R003048478-41slsp</subfield></datafield><datafield ind1=" " ind2=" " tag="035"><subfield code="a">(NEBIS)005400630EBI01</subfield></datafield><datafield ind1=" " ind2=" " tag="035"><subfield code="a">(EXLNZ-41SLSP_NETWORK)991082135749705501</subfield></datafield><datafield ind1=" " ind2=" " tag="040"><subfield code="a">RERO geuses</subfield><subfield code="d">CH-ZuSLS</subfield></datafield><datafield ind1=" " ind2=" " tag="044"><subfield code="a">sz</subfield><subfield code="c">ch-ge</subfield></datafield><datafield ind1=" " ind2="7" tag="072"><subfield code="a">ss</subfield><subfield code="2">rero</subfield></datafield><datafield ind1="0" ind2="0" tag="245"><subfield code="a">Carnets de bord</subfield><subfield code="b">revue de jeunes chercheurs en sciences humaines</subfield><subfield code="c">[Association Carnets de bord, Département de sociologie, Université de Genève]</subfield></datafield><datafield ind1="1" ind2=" " tag="246"><subfield code="a">Carnets de bord en sciences humaines</subfield></datafield><datafield ind1=" " ind2="1" tag="264"><subfield code="a">Genève</subfield><subfield code="b">Université de Genève Département de sociologie</subfield></datafield><datafield ind1=" " ind2=" " tag="310"><subfield code="a">Semestriel</subfield></datafield><datafield ind1=" " ind2=" " tag="336"><subfield code="b">txt</subfield><subfield code="2">rdacontent</subfield></datafield><datafield ind1=" " ind2=" " tag="337"><subfield code="b">n</subfield><subfield code="2">rdamedia</subfield></datafield><datafield ind1=" " ind2=" " tag="338"><subfield code="b">nc</subfield><subfield code="2">rdacarrier</subfield></datafield><datafield ind1="0" ind2=" " tag="362"><subfield code="a">1(2001)-17(2011)</subfield></datafield><datafield ind1=" " ind2=" " tag="500"><subfield code="a">Titre dès sept. 2005: Carnets de bord en sciences humaines</subfield></datafield><datafield ind1=" " ind2="7" tag="650"><subfield code="a">Sciences humaines</subfield><subfield code="0">(IDREF)027247767</subfield><subfield code="2">idref</subfield></datafield><datafield ind1=" " ind2="7" tag="655"><subfield code="a">Périodiques</subfield><subfield code="0">(IDREF)02724640X</subfield><subfield code="2">idref</subfield></datafield><datafield ind1="2" ind2=" " tag="710"><subfield code="6">880-02</subfield><subfield code="a">Association Carnets de bord</subfield><subfield code="g">Genève</subfield><subfield code="0">(IDREF)158341198</subfield></datafield><datafield ind1="2" ind2=" " tag="880"><subfield code="a">Université de Genève</subfield><subfield code="b">Département de sociologie</subfield><subfield code="0">(DE-588)2069595-0</subfield><subfield code="6">710-02</subfield></datafield><datafield ind1=" " ind2=" " tag="900"><subfield code="a">REROnoselfmerge</subfield></datafield><datafield ind1=" " ind2=" " tag="900"><subfield code="a">NEBISnoselfmerge</subfield></datafield></record>
</metadata></record>