<record><header><identifier>oai:alma.41SLSP_UGE:991000034019705502</identifier><datestamp>2023-03-01T01:08:49Z</datestamp><setSpec>uge_cmu_RapidILL_JOURNAL</setSpec><setSpec>uge_aobs_RapidILL_JOURNAL</setSpec><setSpec>uge_aaca_RapidILL_JOURNAL</setSpec><setSpec>uge_abbat_RapidILL_JOURNAL</setSpec><setSpec>uge_bcen_RapidILL_JOURNAL</setSpec><setSpec>uge_dbu_RapidILL_JOURNAL</setSpec><setSpec>uge_mail_RapidILL_JOURNAL</setSpec><setSpec>UNIGE_ALL</setSpec><setSpec>uge_abels_RapidILL_JOURNAL</setSpec><setSpec>uge_acar_RapidILL_JOURNAL</setSpec></header><metadata>
<record xmlns="http://www.loc.gov/MARC21/slim" xmlns:xsi="http://www.w3.org/2001/XMLSchema-instance" xsi:schemaLocation="http://www.loc.gov/MARC21/slim http://www.loc.gov/standards/marcxml/schema/MARC21slim.xsd"><leader>01737nas a2200445 c 4500</leader><controlfield tag="001">991000034019705502</controlfield><controlfield tag="005">20230119191333.0</controlfield><controlfield tag="008">201011c19869999sz  | p       0    0ger|d</controlfield><datafield ind1="7" ind2=" " tag="016"><subfield code="a">55978-7</subfield><subfield code="2">ZDB</subfield></datafield><datafield ind1=" " ind2=" " tag="022"><subfield code="l">0267-5730</subfield></datafield><datafield ind1=" " ind2=" " tag="022"><subfield code="a">0267-5730</subfield></datafield><datafield ind1=" " ind2=" " tag="035"><subfield code="a">(swissbib)217555993-41slsp_network</subfield></datafield><datafield ind1=" " ind2=" " tag="035"><subfield code="a">217555993</subfield><subfield code="9">ExL</subfield></datafield><datafield ind1=" " ind2=" " tag="035"><subfield code="a">(NEBIS)000035694EBI01</subfield></datafield><datafield ind1=" " ind2=" " tag="035"><subfield code="a">(RERO)0769513-41slsp</subfield></datafield><datafield ind1=" " ind2=" " tag="035"><subfield code="a">(EXLNZ-41SLSP_NETWORK)991013771389705501</subfield></datafield><datafield ind1=" " ind2=" " tag="040"><subfield code="a">SzZuIDS NEBIS ETH-BIB</subfield><subfield code="b">ger</subfield><subfield code="e">rda</subfield><subfield code="d">CH-ZuSLS</subfield></datafield><datafield ind1="0" ind2=" " tag="041"><subfield code="a">ger</subfield><subfield code="a">eng</subfield><subfield code="a">fre</subfield></datafield><datafield ind1=" " ind2=" " tag="044"><subfield code="a">sz</subfield><subfield code="c">ch-ge</subfield></datafield><datafield ind1=" " ind2="7" tag="072"><subfield code="a">se</subfield><subfield code="2">rero</subfield></datafield><datafield ind1=" " ind2="7" tag="072"><subfield code="a">in</subfield><subfield code="2">rero</subfield></datafield><datafield ind1="1" ind2=" " tag="210"><subfield code="a">Int. j. technol. manag.</subfield></datafield><datafield ind1="0" ind2="0" tag="245"><subfield code="a">International journal of technology management</subfield><subfield code="c">United Nations Educational, Scientific and Cultural Organization &lt;UNESCO&gt; = Journal international de la gestion technologique = Internationale Zeitschrift für Technologiemanagement</subfield></datafield><datafield ind1="1" ind2="1" tag="246"><subfield code="a">Internationale Zeitschrift für Technologiemanagement</subfield></datafield><datafield ind1="1" ind2="1" tag="246"><subfield code="a">Journal international de la gestion technologique</subfield></datafield><datafield ind1="1" ind2=" " tag="246"><subfield code="a">Internationale Zeitschrift für Technologiemanagemennt</subfield></datafield><datafield ind1=" " ind2="1" tag="264"><subfield code="a">Genève</subfield><subfield code="b">Inderscience</subfield><subfield code="c">1986-</subfield></datafield><datafield ind1=" " ind2=" " tag="300"><subfield code="a">Bände</subfield></datafield><datafield ind1=" " ind2=" " tag="310"><subfield code="a">Monatlich (3 vols à 4 iss.)</subfield></datafield><datafield ind1=" " ind2=" " tag="336"><subfield code="b">txt</subfield><subfield code="2">rdacontent</subfield></datafield><datafield ind1=" " ind2=" " tag="337"><subfield code="b">n</subfield><subfield code="2">rdamedia</subfield></datafield><datafield ind1=" " ind2=" " tag="338"><subfield code="b">nc</subfield><subfield code="2">rdacarrier</subfield></datafield><datafield ind1="0" ind2=" " tag="362"><subfield code="a">Vol. 1, nos. 1/2 (1986) -</subfield></datafield><datafield ind1=" " ind2=" " tag="500"><subfield code="a">Avec résumés en anglais, français, allemand, japonais</subfield></datafield><datafield ind1=" " ind2="7" tag="650"><subfield code="a">TECHNOLOGIEMANAGEMENT</subfield><subfield code="9">ger</subfield><subfield code="0">(ETHUDK)000054339</subfield><subfield code="2">ethudk</subfield></datafield><datafield ind1=" " ind2="7" tag="650"><subfield code="a">technologie - gestion</subfield><subfield code="0">(RERO)A010156669</subfield><subfield code="2">rerovoc</subfield></datafield><datafield ind1=" " ind2="7" tag="655"><subfield code="a">Zeitschrift</subfield><subfield code="2">gnd-content</subfield></datafield><datafield ind1=" " ind2="7" tag="655"><subfield code="a">Périodiques</subfield><subfield code="0">(IDREF)02724640X</subfield><subfield code="2">idref</subfield></datafield><datafield ind1="2" ind2=" " tag="710"><subfield code="a">UNESCO</subfield><subfield code="0">(DE-588)2023755-8</subfield><subfield code="e">Herausgebendes Organ</subfield><subfield code="4">isb</subfield></datafield><datafield ind1=" " ind2=" " tag="900"><subfield code="a">NEBISnoselfmerge</subfield></datafield><datafield ind1=" " ind2=" " tag="900"><subfield code="a">REROnoselfmerge</subfield></datafield></record>
</metadata></record>