<record><header><identifier>oai:alma.41SLSP_UGE:991000034749705502</identifier><datestamp>2023-06-26T00:15:06Z</datestamp><setSpec>UNIGE_ALL</setSpec></header><metadata>
<record xmlns="http://www.loc.gov/MARC21/slim" xmlns:xsi="http://www.w3.org/2001/XMLSchema-instance" xsi:schemaLocation="http://www.loc.gov/MARC21/slim http://www.loc.gov/standards/marcxml/schema/MARC21slim.xsd"><leader>01481ngm a2200349 c 4500</leader><controlfield tag="001">991000034749705502</controlfield><controlfield tag="005">20230625102330.0</controlfield><controlfield tag="007">vd |v||||</controlfield><controlfield tag="008">100408s1978    it ||| |          v|ita d</controlfield><datafield ind1=" " ind2=" " tag="035"><subfield code="a">(swissbib)110193067-41slsp_network</subfield></datafield><datafield ind1=" " ind2=" " tag="035"><subfield code="a">110193067</subfield><subfield code="9">ExL</subfield></datafield><datafield ind1=" " ind2=" " tag="035"><subfield code="a">(RERO)R005421627-41slsp</subfield></datafield><datafield ind1=" " ind2=" " tag="035"><subfield code="a">(EXLNZ-41SLSP_NETWORK)991058584989705501</subfield></datafield><datafield ind1=" " ind2=" " tag="040"><subfield code="a">RERO geumem</subfield><subfield code="d">CH-ZuSLS</subfield></datafield><datafield ind1="1" ind2=" " tag="041"><subfield code="a">fre</subfield><subfield code="a">ita</subfield><subfield code="h">ita</subfield></datafield><datafield ind1=" " ind2="7" tag="072"><subfield code="a">dr</subfield><subfield code="2">rero</subfield></datafield><datafield ind1=" " ind2="7" tag="072"><subfield code="a">so</subfield><subfield code="2">rero</subfield></datafield><datafield ind1="0" ind2="0" tag="245"><subfield code="a">Procès d'un viol</subfield><subfield code="c">[Collectif de militantes féministes]</subfield></datafield><datafield ind1=" " ind2="1" tag="264"><subfield code="a">[Rome] : [RAI]</subfield><subfield code="b">[prod.]</subfield><subfield code="c">[1978]</subfield></datafield><datafield ind1=" " ind2=" " tag="300"><subfield code="a">1 DVD-R (50 min)</subfield><subfield code="b">noir et blanc</subfield></datafield><datafield ind1=" " ind2=" " tag="336"><subfield code="b">tdi</subfield><subfield code="2">rdacontent</subfield></datafield><datafield ind1=" " ind2=" " tag="337"><subfield code="b">v</subfield><subfield code="2">rdamedia</subfield></datafield><datafield ind1=" " ind2=" " tag="338"><subfield code="b">vd</subfield><subfield code="2">rdacarrier</subfield></datafield><datafield ind1="0" ind2=" " tag="490"><subfield code="a">Temps présent</subfield></datafield><datafield ind1=" " ind2=" " tag="500"><subfield code="a">Diffusé en janvier 1980 sur la TSR</subfield></datafield><datafield ind1="8" ind2=" " tag="520"><subfield code="a">&quot; A Latina, dans la province du Latium, quatre hommes, pères de famille, sont accusés d'avoir violé une jeune fille de 18 ans. Le président du Tribunal accepte qu'une équipe filme le procès. Le reportage est réalisé par un collectif de militantes féministes et eu un profond retentissement en Italie (Prix Italia).&quot;</subfield><subfield code="5">RERO/geumem/04/2010</subfield></datafield><datafield ind1=" " ind2="7" tag="650"><subfield code="a">Viol</subfield><subfield code="0">(IDREF)027531562</subfield><subfield code="2">idref</subfield></datafield><datafield ind1=" " ind2="7" tag="650"><subfield code="a">Discrimination sexuelle</subfield><subfield code="0">(IDREF)027762300</subfield><subfield code="2">idref</subfield></datafield><datafield ind1=" " ind2="7" tag="650"><subfield code="a">femme - condition</subfield><subfield code="0">(RERO)A009958622</subfield><subfield code="2">rerovoc</subfield></datafield><datafield ind1=" " ind2="7" tag="650"><subfield code="a">Inégalité sociale</subfield><subfield code="0">(IDREF)050547496</subfield><subfield code="2">idref</subfield></datafield><datafield ind1=" " ind2="7" tag="650"><subfield code="a">Procès</subfield><subfield code="0">(IDREF)027776298</subfield><subfield code="2">idref</subfield></datafield><datafield ind1=" " ind2="7" tag="651"><subfield code="a">Italie</subfield><subfield code="0">(IDREF)027235408</subfield><subfield code="2">idref</subfield></datafield><datafield ind1=" " ind2="7" tag="655"><subfield code="a">DVD</subfield><subfield code="2">idref</subfield><subfield code="0">(IDREF)035108444</subfield></datafield></record>
</metadata></record>