<record><header><identifier>oai:alma.41SLSP_UGE:991000034559705502</identifier><datestamp>2023-03-27T00:10:44Z</datestamp><setSpec>uge_bcen_RapidILL_BOOK</setSpec><setSpec>uge_aaca_RapidILL_BOOK</setSpec><setSpec>uge_abels_RapidILL_BOOK</setSpec><setSpec>uge_dbu_RapidILL_BOOK</setSpec><setSpec>uge_cmu_RapidILL_BOOK</setSpec><setSpec>uge_mail_RapidILL_BOOK</setSpec><setSpec>UNIGE_ALL</setSpec><setSpec>uge_abbat_RapidILL_BOOK</setSpec><setSpec>uge_aobs_RapidILL_BOOK</setSpec><setSpec>uge_acar_RapidILL_BOOK</setSpec></header><metadata>
<record xmlns="http://www.loc.gov/MARC21/slim" xmlns:xsi="http://www.w3.org/2001/XMLSchema-instance" xsi:schemaLocation="http://www.loc.gov/MARC21/slim http://www.loc.gov/standards/marcxml/schema/MARC21slim.xsd"><leader>02859nam a2200757 c 4500</leader><controlfield tag="001">991000034559705502</controlfield><controlfield tag="005">20230325065821.0</controlfield><controlfield tag="008">201011s1997    ne ||||| |||| 00| ||eng d</controlfield><datafield ind1=" " ind2=" " tag="019"><subfield code="a">Lambert, S. D. (1960-)</subfield></datafield><datafield ind1=" " ind2=" " tag="020"><subfield code="a">9050631576</subfield></datafield><datafield ind1=" " ind2=" " tag="035"><subfield code="a">(swissbib)227091760-41slsp_network</subfield></datafield><datafield ind1=" " ind2=" " tag="035"><subfield code="a">227091760</subfield><subfield code="9">ExL</subfield></datafield><datafield ind1=" " ind2=" " tag="035"><subfield code="a">(RERO)R224757860-41slsp</subfield></datafield><datafield ind1=" " ind2=" " tag="035"><subfield code="a">(IDSBB)001486037DSV01</subfield></datafield><datafield ind1=" " ind2=" " tag="035"><subfield code="a">(NEBIS)001833547EBI01</subfield></datafield><datafield ind1=" " ind2=" " tag="035"><subfield code="a">(NEBIS)008266065EBI01</subfield></datafield><datafield ind1=" " ind2=" " tag="035"><subfield code="a">(EXLNZ-41SLSP_NETWORK)991098946469705501</subfield></datafield><datafield ind1=" " ind2=" " tag="040"><subfield code="a">RERO labcud</subfield><subfield code="d">CH-ZuSLS</subfield></datafield><datafield ind1="0" ind2=" " tag="041"><subfield code="a">eng</subfield><subfield code="a">gre</subfield></datafield><datafield ind1=" " ind2="7" tag="072"><subfield code="a">ha</subfield><subfield code="2">rero</subfield></datafield><datafield ind1=" " ind2="7" tag="072"><subfield code="a">ag</subfield><subfield code="2">SzZuIDS BS/BE</subfield></datafield><datafield ind1="1" ind2="4" tag="082"><subfield code="a">938.5</subfield><subfield code="2">22</subfield></datafield><datafield ind1="1" ind2="4" tag="082"><subfield code="a">938.07</subfield><subfield code="2">20</subfield></datafield><datafield ind1="1" ind2="4" tag="082"><subfield code="a">930</subfield><subfield code="2">15</subfield></datafield><datafield ind1=" " ind2=" " tag="084"><subfield code="a">NH 5412</subfield><subfield code="2">rvk</subfield></datafield><datafield ind1="1" ind2=" " tag="100"><subfield code="a">Lambert, Stephen D.</subfield><subfield code="d">1960-....</subfield><subfield code="0">(IDREF)033287600</subfield><subfield code="4">cre</subfield></datafield><datafield ind1="1" ind2="0" tag="245"><subfield code="a">Rationes centesimarum</subfield><subfield code="b">sales of public land in Lykourgan Athens</subfield><subfield code="c">S.D. Lambert</subfield></datafield><datafield ind1=" " ind2="1" tag="264"><subfield code="a">Amsterdam</subfield><subfield code="b">J.C. Gieben</subfield><subfield code="c">1997</subfield></datafield><datafield ind1=" " ind2=" " tag="300"><subfield code="a">XV, 327 p., [24] p. de pl.</subfield><subfield code="c">25 cm</subfield></datafield><datafield ind1=" " ind2=" " tag="336"><subfield code="b">txt</subfield><subfield code="2">rdacontent</subfield></datafield><datafield ind1=" " ind2=" " tag="337"><subfield code="b">n</subfield><subfield code="2">rdamedia</subfield></datafield><datafield ind1=" " ind2=" " tag="338"><subfield code="b">nc</subfield><subfield code="2">rdacarrier</subfield></datafield><datafield ind1="1" ind2=" " tag="490"><subfield code="a">Archaia Hellas</subfield><subfield code="v">vol. 3</subfield></datafield><datafield ind1="1" ind2=" " tag="490"><subfield code="a">Archaia Ellas</subfield><subfield code="v">vol. 3</subfield></datafield><datafield ind1=" " ind2=" " tag="504"><subfield code="a">Literaturverz.</subfield></datafield><datafield ind1=" " ind2="7" tag="648"><subfield code="a">Geschichte</subfield><subfield code="2">idszbz</subfield></datafield><datafield ind1=" " ind2="7" tag="648"><subfield code="a">Geschichte 400 v.Chr.-300 v.Chr</subfield><subfield code="2">idszbz</subfield></datafield><datafield ind1=" " ind2="7" tag="648"><subfield code="a">Geschichte 343 v. Chr.-325 v. Chr</subfield><subfield code="2">gnd</subfield></datafield><datafield ind1=" " ind2="7" tag="650"><subfield code="a">contrat de vente</subfield><subfield code="0">(RERO)A010192534</subfield><subfield code="2">rerovoc</subfield></datafield><datafield ind1=" " ind2="7" tag="650"><subfield code="a">inscription grecque</subfield><subfield code="0">(RERO)A009987619</subfield><subfield code="2">rerovoc</subfield></datafield><datafield ind1=" " ind2="7" tag="650"><subfield code="a">Terre</subfield><subfield code="0">(IDREF)027792811</subfield><subfield code="2">idref</subfield></datafield><datafield ind1=" " ind2="7" tag="650"><subfield code="a">4e siècle av. J.-C.</subfield><subfield code="0">(IDREF)027805530</subfield><subfield code="2">idref</subfield></datafield><datafield ind1=" " ind2="7" tag="650"><subfield code="a">Grundeigentum</subfield><subfield code="z">Griechenland (altes)</subfield><subfield code="2">idsbb</subfield></datafield><datafield ind1=" " ind2="7" tag="650"><subfield code="a">Bodenrecht</subfield><subfield code="z">Griechenland (altes)</subfield><subfield code="2">idsbb</subfield></datafield><datafield ind1=" " ind2="7" tag="650"><subfield code="a">Inschrift</subfield><subfield code="z">griechische</subfield><subfield code="z">Athen</subfield><subfield code="v">Text</subfield><subfield code="2">idsbb</subfield></datafield><datafield ind1=" " ind2="7" tag="650"><subfield code="a">Grundeigentum</subfield><subfield code="2">idszbz</subfield></datafield><datafield ind1=" " ind2="7" tag="650"><subfield code="a">Verkauf</subfield><subfield code="2">idszbz</subfield></datafield><datafield ind1=" " ind2="7" tag="650"><subfield code="a">Grundstücksveräußerung</subfield><subfield code="0">(DE-588)4196919-4</subfield><subfield code="2">gnd</subfield></datafield><datafield ind1=" " ind2="7" tag="650"><subfield code="a">Inschrift</subfield><subfield code="0">(DE-588)4027107-9</subfield><subfield code="2">gnd</subfield></datafield><datafield ind1=" " ind2="7" tag="650"><subfield code="a">Steuer</subfield><subfield code="0">(DE-588)4057399-0</subfield><subfield code="2">gnd</subfield></datafield><datafield ind1=" " ind2="0" tag="650"><subfield code="a">Citizenship</subfield><subfield code="z">Greece</subfield><subfield code="z">Athens</subfield><subfield code="x">History</subfield><subfield code="v">Sources</subfield></datafield><datafield ind1=" " ind2="0" tag="650"><subfield code="a">Finance, Public</subfield><subfield code="z">Greece</subfield><subfield code="z">Athens</subfield><subfield code="x">History</subfield><subfield code="v">Sources</subfield></datafield><datafield ind1=" " ind2="0" tag="650"><subfield code="a">Inscriptions, Greek</subfield><subfield code="z">Greece</subfield><subfield code="z">Athens</subfield></datafield><datafield ind1=" " ind2="0" tag="650"><subfield code="a">Public land sales</subfield><subfield code="z">Greece</subfield><subfield code="z">Athens</subfield><subfield code="x">History</subfield><subfield code="v">Sources</subfield></datafield><datafield ind1=" " ind2="0" tag="650"><subfield code="a">Real estate sales tax</subfield><subfield code="z">Greece</subfield><subfield code="z">Athens</subfield><subfield code="x">History</subfield><subfield code="v">Sources</subfield></datafield><datafield ind1=" " ind2="0" tag="650"><subfield code="a">Real property</subfield><subfield code="x">Prices</subfield><subfield code="z">Greece</subfield><subfield code="z">Athens</subfield><subfield code="x">History</subfield><subfield code="v">Sources</subfield></datafield><datafield ind1=" " ind2="7" tag="651"><subfield code="a">Athènes (Grèce)</subfield><subfield code="0">(IDREF)027290530</subfield><subfield code="2">idref</subfield></datafield><datafield ind1=" " ind2="7" tag="651"><subfield code="a">Athen</subfield><subfield code="2">idszbz</subfield></datafield><datafield ind1=" " ind2="7" tag="651"><subfield code="a">Griechenland</subfield><subfield code="2">idszbz</subfield></datafield><datafield ind1=" " ind2="7" tag="651"><subfield code="a">Athen</subfield><subfield code="0">(DE-588)4003366-1</subfield><subfield code="2">gnd</subfield></datafield><datafield ind1=" " ind2="0" tag="651"><subfield code="a">Athens (Greece)</subfield><subfield code="x">Economic conditions</subfield><subfield code="v">Sources</subfield></datafield><datafield ind1=" " ind2="0" tag="651"><subfield code="6">880-01</subfield><subfield code="a">Athens (Greece)</subfield><subfield code="x">Economic conditions</subfield><subfield code="v">Sources</subfield></datafield><datafield ind1=" " ind2="7" tag="655"><subfield code="a">Quelle</subfield><subfield code="2">idszbz</subfield></datafield><datafield ind1="1" ind2=" " tag="700"><subfield code="a">Lambert, Stephen D.</subfield><subfield code="d">1960-</subfield><subfield code="0">(DE-588)102580063X</subfield></datafield><datafield ind1=" " ind2=" " tag="830"><subfield code="a">Archaia Hellas</subfield><subfield code="v">3</subfield><subfield code="w">(NEBIS)001730850EBI01</subfield></datafield><datafield ind1=" " ind2=" " tag="830"><subfield code="a">Archaia Ellas</subfield><subfield code="v">3</subfield><subfield code="w">(NEBIS)008257830EBI01</subfield></datafield><datafield ind1=" " ind2=" " tag="900"><subfield code="a">REROnoselfmerge</subfield></datafield></record>
</metadata></record>