<record><header><identifier>oai:alma.41SLSP_UGE:991000034759705502</identifier><datestamp>2023-03-01T01:08:49Z</datestamp><setSpec>uge_bcen_RapidILL_BOOK</setSpec><setSpec>uge_aaca_RapidILL_BOOK</setSpec><setSpec>uge_abels_RapidILL_BOOK</setSpec><setSpec>uge_dbu_RapidILL_BOOK</setSpec><setSpec>uge_cmu_RapidILL_BOOK</setSpec><setSpec>uge_mail_RapidILL_BOOK</setSpec><setSpec>UNIGE_ALL</setSpec><setSpec>uge_abbat_RapidILL_BOOK</setSpec><setSpec>uge_aobs_RapidILL_BOOK</setSpec><setSpec>uge_acar_RapidILL_BOOK</setSpec></header><metadata>
<record xmlns="http://www.loc.gov/MARC21/slim" xmlns:xsi="http://www.w3.org/2001/XMLSchema-instance" xsi:schemaLocation="http://www.loc.gov/MARC21/slim http://www.loc.gov/standards/marcxml/schema/MARC21slim.xsd"><leader>01795nam a2200445 c 4500</leader><controlfield tag="001">991000034759705502</controlfield><controlfield tag="005">20210207112805.0</controlfield><controlfield tag="008">201011s1999    ne ||||| |||| 01| ||eng d</controlfield><datafield ind1=" " ind2=" " tag="019"><subfield code="a">Alting von Geusau, Frans Alphons Maria (1933-) / Library of Congress</subfield></datafield><datafield ind1=" " ind2=" " tag="020"><subfield code="a">9041111387</subfield><subfield code="q">alk. paper</subfield></datafield><datafield ind1=" " ind2=" " tag="035"><subfield code="a">(swissbib)227169913-41slsp_network</subfield></datafield><datafield ind1=" " ind2=" " tag="035"><subfield code="a">227169913</subfield><subfield code="9">ExL</subfield></datafield><datafield ind1=" " ind2=" " tag="035"><subfield code="a">(RERO)R004572435-41slsp</subfield></datafield><datafield ind1=" " ind2=" " tag="035"><subfield code="a">(NEBIS)004007041EBI01</subfield></datafield><datafield ind1=" " ind2=" " tag="035"><subfield code="a">(EXLNZ-41SLSP_NETWORK)991011325689705501</subfield></datafield><datafield ind1=" " ind2=" " tag="040"><subfield code="a">DLC</subfield><subfield code="d">CH-ZuSLS</subfield></datafield><datafield ind1="0" ind2="0" tag="050"><subfield code="a">JZ1306 $b.R43 1999</subfield></datafield><datafield ind1=" " ind2="7" tag="072"><subfield code="a">sp</subfield><subfield code="2">rero</subfield></datafield><datafield ind1="0" ind2="0" tag="082"><subfield code="a">327.1/01</subfield><subfield code="2">21</subfield></datafield><datafield ind1="0" ind2="0" tag="245"><subfield code="a">Realism and moralism in international relations</subfield><subfield code="b">essays in honor of Frans A.M. Alting von Geusau</subfield><subfield code="c">edited by Willem J.M. van Genugten... [et al.]</subfield></datafield><datafield ind1=" " ind2="1" tag="264"><subfield code="a">The Hague</subfield><subfield code="a">Boston</subfield><subfield code="b">Kluwer Law International</subfield><subfield code="c">[1999]</subfield></datafield><datafield ind1=" " ind2="4" tag="264"><subfield code="c">© 1999</subfield></datafield><datafield ind1=" " ind2=" " tag="300"><subfield code="a">xviii, 298 p.</subfield><subfield code="c">25 cm</subfield></datafield><datafield ind1=" " ind2=" " tag="336"><subfield code="b">txt</subfield><subfield code="2">rdacontent</subfield></datafield><datafield ind1=" " ind2=" " tag="337"><subfield code="b">n</subfield><subfield code="2">rdamedia</subfield></datafield><datafield ind1=" " ind2=" " tag="338"><subfield code="b">nc</subfield><subfield code="2">rdacarrier</subfield></datafield><datafield ind1=" " ind2=" " tag="504"><subfield code="a">Includes bibliographical references (p. 291-298)</subfield></datafield><datafield ind1=" " ind2=" " tag="504"><subfield code="a">Literaturverz.</subfield></datafield><datafield ind1="1" ind2="7" tag="600"><subfield code="a">Alting von Geusau, Frans Alphons Maria</subfield><subfield code="d">1933-</subfield><subfield code="0">(DE-588)122670280</subfield><subfield code="2">gnd</subfield></datafield><datafield ind1=" " ind2="0" tag="650"><subfield code="a">International organization</subfield></datafield><datafield ind1=" " ind2="0" tag="650"><subfield code="a">International relations</subfield><subfield code="x">Moral and ethical aspects</subfield></datafield><datafield ind1=" " ind2="7" tag="650"><subfield code="a">Internationale Politik</subfield><subfield code="0">(DE-588)4072885-7</subfield><subfield code="2">gnd</subfield></datafield><datafield ind1=" " ind2="0" tag="651"><subfield code="a">Europe</subfield><subfield code="x">Foreign relations</subfield><subfield code="y">1989-</subfield></datafield><datafield ind1=" " ind2="7" tag="655"><subfield code="a">Aufsatzsammlung</subfield><subfield code="2">gnd-content</subfield></datafield><datafield ind1=" " ind2="7" tag="655"><subfield code="a">Bibliografie</subfield><subfield code="2">gnd-content</subfield></datafield><datafield ind1=" " ind2="7" tag="655"><subfield code="a">Festschrift</subfield><subfield code="2">gnd-content</subfield></datafield><datafield ind1="1" ind2=" " tag="700"><subfield code="a">Genugten, Willem &lt;&lt;van&gt;&gt;</subfield><subfield code="d">1950-</subfield><subfield code="0">(DE-588)131425935</subfield><subfield code="6">880-02</subfield></datafield><datafield ind1="1" ind2=" " tag="880"><subfield code="6">700-02</subfield><subfield code="a">Genugten, Willem van</subfield><subfield code="0">(IDREF)189952415</subfield></datafield><datafield ind1="1" ind2=" " tag="700"><subfield code="a">Alting von Geusau, Frans Alphons Maria</subfield><subfield code="d">1933-....</subfield><subfield code="0">(IDREF)032959095</subfield></datafield><datafield ind1=" " ind2=" " tag="900"><subfield code="a">REROnoselfmerge</subfield></datafield><datafield ind1=" " ind2=" " tag="900"><subfield code="a">IDSZ2rwimon200009p</subfield><subfield code="c">IDSZ2buche 000921</subfield><subfield code="d">IDSZ2rwiswk200103b</subfield><subfield code="e">IDSZ2meim</subfield></datafield><datafield ind1=" " ind2=" " tag="961"><subfield code="2">gsi</subfield><subfield code="a">327</subfield><subfield code="9">LOCAL</subfield></datafield></record>
</metadata></record>