<record><header><identifier>oai:alma.41SLSP_UGE:991000033929705502</identifier><datestamp>2024-01-31T01:22:22Z</datestamp><setSpec>uge_bcen_RapidILL_BOOK</setSpec><setSpec>uge_aaca_RapidILL_BOOK</setSpec><setSpec>uge_abels_RapidILL_BOOK</setSpec><setSpec>uge_dbu_RapidILL_BOOK</setSpec><setSpec>uge_cmu_RapidILL_BOOK</setSpec><setSpec>uge_mail_RapidILL_BOOK</setSpec><setSpec>uge_abbat_RapidILL_BOOK</setSpec><setSpec>UNIGE_ALL</setSpec><setSpec>uge_aobs_RapidILL_BOOK</setSpec><setSpec>uge_acar_RapidILL_BOOK</setSpec></header><metadata>
<record xmlns="http://www.loc.gov/MARC21/slim" xmlns:xsi="http://www.w3.org/2001/XMLSchema-instance" xsi:schemaLocation="http://www.loc.gov/MARC21/slim http://www.loc.gov/standards/marcxml/schema/MARC21slim.xsd"><leader>01227nam a2200385 c 4500</leader><controlfield tag="001">991000033929705502</controlfield><controlfield tag="005">20240130102451.0</controlfield><controlfield tag="008">201011s1968    sz ||||| |||| 00| ||roh d</controlfield><datafield ind1=" " ind2=" " tag="035"><subfield code="a">(swissbib)228716268-41slsp_network</subfield></datafield><datafield ind1=" " ind2=" " tag="035"><subfield code="a">228716268</subfield><subfield code="9">ExL</subfield></datafield><datafield ind1=" " ind2=" " tag="035"><subfield code="a">(RERO)0527503-41slsp</subfield></datafield><datafield ind1=" " ind2=" " tag="035"><subfield code="a">(NEBIS)006136112EBI01</subfield></datafield><datafield ind1=" " ind2=" " tag="035"><subfield code="a">(NEBIS)011012126EBI01</subfield></datafield><datafield ind1=" " ind2=" " tag="035"><subfield code="a">(IDSBB)003133231DSV01</subfield></datafield><datafield ind1=" " ind2=" " tag="035"><subfield code="a">(EXLNZ-41SLSP_NETWORK)991160219949705501</subfield></datafield><datafield ind1=" " ind2=" " tag="040"><subfield code="a">RERO</subfield><subfield code="d">CH-ZuSLS</subfield></datafield><datafield ind1=" " ind2="7" tag="072"><subfield code="a">ro</subfield><subfield code="2">rero</subfield></datafield><datafield ind1="1" ind2=" " tag="080"><subfield code="a">859&quot;18/-&quot;=1DAR</subfield></datafield><datafield ind1="1" ind2=" " tag="100"><subfield code="6">880-01</subfield><subfield code="a">Darms, Flurin</subfield><subfield code="d">1918-2009</subfield><subfield code="0">(DE-588)1046078496</subfield></datafield><datafield ind1="1" ind2=" " tag="880"><subfield code="6">100-01</subfield><subfield code="a">Darms, Flurin</subfield><subfield code="d">1918-</subfield><subfield code="0">(IDREF)092726585</subfield><subfield code="4">cre</subfield></datafield><datafield ind1="1" ind2="0" tag="245"><subfield code="a">Schi gitg che la cazzola arda..</subfield><subfield code="b">poesias e lirica</subfield><subfield code="c">Flurin Darms</subfield></datafield><datafield ind1=" " ind2="1" tag="264"><subfield code="a">Cuera</subfield><subfield code="b">Sulser</subfield><subfield code="c">1968</subfield></datafield><datafield ind1=" " ind2=" " tag="300"><subfield code="a">51 p.</subfield><subfield code="c">22 cm</subfield></datafield><datafield ind1=" " ind2=" " tag="336"><subfield code="b">txt</subfield><subfield code="2">rdacontent</subfield></datafield><datafield ind1=" " ind2=" " tag="337"><subfield code="b">n</subfield><subfield code="2">rdamedia</subfield></datafield><datafield ind1=" " ind2=" " tag="338"><subfield code="b">nc</subfield><subfield code="2">rdacarrier</subfield></datafield><datafield ind1="0" ind2=" " tag="490"><subfield code="a">Collecziun</subfield><subfield code="v">1968</subfield></datafield><datafield ind1=" " ind2=" " tag="500"><subfield code="a">Sursilvan</subfield></datafield><datafield ind1=" " ind2="7" tag="650"><subfield code="a">Rätoromanisch</subfield><subfield code="0">(DE-588)4120321-5</subfield><subfield code="2">gnd</subfield></datafield><datafield ind1=" " ind2="7" tag="650"><subfield code="a">Lyrik</subfield><subfield code="0">(DE-588)4036774-5</subfield><subfield code="2">gnd</subfield></datafield><datafield ind1=" " ind2="7" tag="655"><subfield code="a">Fiktionale Darstellung</subfield><subfield code="2">gnd-content</subfield></datafield><datafield ind1=" " ind2=" " tag="900"><subfield code="a">REROnoselfmerge</subfield></datafield><datafield ind1=" " ind2=" " tag="900"><subfield code="a">IDSZRMedeaZBZ</subfield><subfield code="b">IDSZRSWK</subfield></datafield><datafield ind1=" " ind2=" " tag="900"><subfield code="a">IDSZRMedeaZBZ</subfield><subfield code="c">IDSZRtoml</subfield></datafield><datafield ind1=" " ind2=" " tag="900"><subfield code="a">IDSERPHGRIMPORT</subfield></datafield><datafield ind1=" " ind2=" " tag="900"><subfield code="a">IDSERPHGR-PRIMO-INDEX</subfield></datafield><datafield ind1=" " ind2=" " tag="993"><subfield code="a">BFLA 2328</subfield><subfield code="x">ge/ulro/a/84/04/0253</subfield><subfield code="9">LOCAL</subfield></datafield></record>
</metadata></record>