<record><header><identifier>oai:alma.41SLSP_UGE:991000034449705502</identifier><datestamp>2023-03-01T01:08:49Z</datestamp><setSpec>uge_bcen_RapidILL_BOOK</setSpec><setSpec>uge_aaca_RapidILL_BOOK</setSpec><setSpec>uge_abels_RapidILL_BOOK</setSpec><setSpec>uge_dbu_RapidILL_BOOK</setSpec><setSpec>uge_cmu_RapidILL_BOOK</setSpec><setSpec>uge_mail_RapidILL_BOOK</setSpec><setSpec>UNIGE_ALL</setSpec><setSpec>uge_abbat_RapidILL_BOOK</setSpec><setSpec>uge_aobs_RapidILL_BOOK</setSpec><setSpec>uge_acar_RapidILL_BOOK</setSpec></header><metadata>
<record xmlns="http://www.loc.gov/MARC21/slim" xmlns:xsi="http://www.w3.org/2001/XMLSchema-instance" xsi:schemaLocation="http://www.loc.gov/MARC21/slim http://www.loc.gov/standards/marcxml/schema/MARC21slim.xsd"><leader>01292nam a2200325 c 4500</leader><controlfield tag="001">991000034449705502</controlfield><controlfield tag="005">20201231161307.0</controlfield><controlfield tag="008">201012s1964    be ||||| |||| 10| ||fre d</controlfield><datafield ind1=" " ind2=" " tag="035"><subfield code="a">(swissbib)241069092-41slsp_network</subfield></datafield><datafield ind1=" " ind2=" " tag="035"><subfield code="a">241069092</subfield><subfield code="9">ExL</subfield></datafield><datafield ind1=" " ind2=" " tag="035"><subfield code="a">(RERO)1241169-41slsp</subfield></datafield><datafield ind1=" " ind2=" " tag="035"><subfield code="a">(NEBIS)008900519EBI01</subfield></datafield><datafield ind1=" " ind2=" " tag="035"><subfield code="a">(EXLNZ-41SLSP_NETWORK)991042954069705501</subfield></datafield><datafield ind1=" " ind2=" " tag="040"><subfield code="a">RERO geussm</subfield><subfield code="d">CH-ZuSLS</subfield></datafield><datafield ind1=" " ind2="7" tag="072"><subfield code="a">ma</subfield><subfield code="2">rero</subfield></datafield><datafield ind1=" " ind2=" " tag="084"><subfield code="a">46</subfield><subfield code="2">msc</subfield></datafield><datafield ind1="0" ind2="0" tag="245"><subfield code="a">Deuxième colloque sur l'analyse fonctionnelle tenu à Liège du 4 au 6 mai 1964</subfield><subfield code="c">Centre belge de recherches mathématiques</subfield></datafield><datafield ind1=" " ind2="1" tag="264"><subfield code="a">Louvain</subfield><subfield code="b">Librairie universitaire</subfield><subfield code="a">Paris</subfield><subfield code="b">Gauthier-Villars</subfield><subfield code="c">1964</subfield></datafield><datafield ind1=" " ind2=" " tag="300"><subfield code="a">166 p.</subfield><subfield code="c">26 cm</subfield></datafield><datafield ind1=" " ind2=" " tag="336"><subfield code="b">txt</subfield><subfield code="2">rdacontent</subfield></datafield><datafield ind1=" " ind2=" " tag="337"><subfield code="b">n</subfield><subfield code="2">rdamedia</subfield></datafield><datafield ind1=" " ind2=" " tag="338"><subfield code="b">nc</subfield><subfield code="2">rdacarrier</subfield></datafield><datafield ind1="0" ind2=" " tag="490"><subfield code="a">Publications du Centre belge de recherches mathématiques</subfield><subfield code="v">21</subfield></datafield><datafield ind1=" " ind2=" " tag="500"><subfield code="a">Congrès de mathématiques. Liège. 1964</subfield></datafield><datafield ind1=" " ind2="7" tag="655"><subfield code="a">Konferenzschrift</subfield><subfield code="z">Liège</subfield><subfield code="y">1964</subfield><subfield code="2">gnd-content</subfield></datafield><datafield ind1="2" ind2=" " tag="710"><subfield code="6">880-02</subfield><subfield code="a">Centre belge de recherches mathématiques</subfield><subfield code="0">(IDREF)033947406</subfield></datafield><datafield ind1="2" ind2=" " tag="880"><subfield code="a">Centre Belge de Recherches Mathématiques</subfield><subfield code="0">(DE-588)4540-8</subfield><subfield code="6">710-02</subfield></datafield><datafield ind1="2" ind2=" " tag="711"><subfield code="a">Colloque sur l'analyse fonctionnelle</subfield></datafield><datafield ind1="2" ind2=" " tag="711"><subfield code="a">Colloque sur l'analyse fonctionnelle</subfield><subfield code="n">2</subfield><subfield code="d">1964</subfield><subfield code="c">Liège</subfield><subfield code="0">(RERO)A012337668</subfield></datafield><datafield ind1=" " ind2=" " tag="900"><subfield code="a">REROnoselfmerge</subfield></datafield><datafield ind1=" " ind2=" " tag="900"><subfield code="f">IDSU2medea</subfield></datafield></record>
</metadata></record>