<record><header><identifier>oai:alma.41SLSP_UGE:991000034469705502</identifier><datestamp>2023-04-16T00:12:08Z</datestamp><setSpec>uge_bcen_RapidILL_BOOK</setSpec><setSpec>uge_aaca_RapidILL_BOOK</setSpec><setSpec>uge_abels_RapidILL_BOOK</setSpec><setSpec>uge_dbu_RapidILL_BOOK</setSpec><setSpec>uge_cmu_RapidILL_BOOK</setSpec><setSpec>uge_mail_RapidILL_BOOK</setSpec><setSpec>uge_abbat_RapidILL_BOOK</setSpec><setSpec>UNIGE_ALL</setSpec><setSpec>uge_aobs_RapidILL_BOOK</setSpec><setSpec>uge_acar_RapidILL_BOOK</setSpec></header><metadata>
<record xmlns="http://www.loc.gov/MARC21/slim" xmlns:xsi="http://www.w3.org/2001/XMLSchema-instance" xsi:schemaLocation="http://www.loc.gov/MARC21/slim http://www.loc.gov/standards/marcxml/schema/MARC21slim.xsd"><leader>02002nam a2200457 c 4500</leader><controlfield tag="001">991000034469705502</controlfield><controlfield tag="005">20230415202930.0</controlfield><controlfield tag="008">201011s2009    xxu||||| |||| 00| ||eng d</controlfield><datafield ind1=" " ind2=" " tag="010"><subfield code="a">2008053544</subfield></datafield><datafield ind1=" " ind2=" " tag="020"><subfield code="a">9780813724508</subfield><subfield code="q">pbk.</subfield></datafield><datafield ind1=" " ind2=" " tag="035"><subfield code="a">(swissbib)224647946-41slsp_network</subfield></datafield><datafield ind1=" " ind2=" " tag="035"><subfield code="a">224647946</subfield><subfield code="9">ExL</subfield></datafield><datafield ind1=" " ind2=" " tag="035"><subfield code="a">(RERO)R005051999-41slsp</subfield></datafield><datafield ind1=" " ind2=" " tag="035"><subfield code="a">(NEBIS)005818642EBI01</subfield></datafield><datafield ind1=" " ind2=" " tag="035"><subfield code="a">(EXLNZ-41SLSP_NETWORK)991128197559705501</subfield></datafield><datafield ind1=" " ind2=" " tag="040"><subfield code="a">RERO geusst</subfield><subfield code="d">CH-ZuSLS</subfield></datafield><datafield ind1=" " ind2=" " tag="050"><subfield code="a">QC884.5.U6</subfield><subfield code="b">P35 2009</subfield></datafield><datafield ind1=" " ind2="7" tag="072"><subfield code="a">st</subfield><subfield code="2">rero</subfield></datafield><datafield ind1="0" ind2="4" tag="082"><subfield code="a">560/.450979644</subfield><subfield code="2">22</subfield></datafield><datafield ind1="0" ind2="0" tag="245"><subfield code="a">Paleoenvironments of Bear Lake, Utah and Idaho, and its catchment</subfield><subfield code="c">edited by Joseph G. Rosenbaum ... [et al.]</subfield></datafield><datafield ind1=" " ind2="1" tag="264"><subfield code="a">Boulder, Colo.</subfield><subfield code="b">Geological Society of America</subfield><subfield code="c">2009</subfield></datafield><datafield ind1=" " ind2=" " tag="300"><subfield code="a">351 p.</subfield><subfield code="b">ill.</subfield></datafield><datafield ind1=" " ind2=" " tag="336"><subfield code="b">txt</subfield><subfield code="2">rdacontent</subfield></datafield><datafield ind1=" " ind2=" " tag="337"><subfield code="b">n</subfield><subfield code="2">rdamedia</subfield></datafield><datafield ind1=" " ind2=" " tag="338"><subfield code="b">nc</subfield><subfield code="2">rdacarrier</subfield></datafield><datafield ind1="1" ind2=" " tag="490"><subfield code="a">Special paper / Geological Society of America</subfield><subfield code="v">450</subfield></datafield><datafield ind1=" " ind2=" " tag="504"><subfield code="a">Bibliogr. diss.</subfield></datafield><datafield ind1=" " ind2=" " tag="504"><subfield code="a">Includes bibliographical references</subfield></datafield><datafield ind1=" " ind2="0" tag="650"><subfield code="a">Paleoclimatology</subfield><subfield code="z">Bear Lake Watershed (Utah and Idaho)</subfield></datafield><datafield ind1=" " ind2="0" tag="650"><subfield code="a">Paleoclimatology</subfield><subfield code="y">Holocene</subfield></datafield><datafield ind1=" " ind2="0" tag="650"><subfield code="a">Lake sediments</subfield><subfield code="z">Bear Lake Watershed (Utah and Idaho)</subfield></datafield><datafield ind1=" " ind2="7" tag="650"><subfield code="a">IDAHO, STATE (USA)</subfield><subfield code="9">eng</subfield><subfield code="0">(ETHUDK)000008106</subfield><subfield code="2">ethudk</subfield></datafield><datafield ind1=" " ind2="7" tag="650"><subfield code="a">PALAEOCLIMATOLOGY</subfield><subfield code="9">eng</subfield><subfield code="0">(ETHUDK)000020417</subfield><subfield code="2">ethudk</subfield></datafield><datafield ind1=" " ind2="7" tag="650"><subfield code="a">PALAEOGEOGRAPHY</subfield><subfield code="9">eng</subfield><subfield code="0">(ETHUDK)000020517</subfield><subfield code="2">ethudk</subfield></datafield><datafield ind1=" " ind2="7" tag="650"><subfield code="a">PALAEOLIMNOLOGY</subfield><subfield code="9">eng</subfield><subfield code="0">(ETHUDK)000020889</subfield><subfield code="2">ethudk</subfield></datafield><datafield ind1=" " ind2="7" tag="650"><subfield code="a">UTAH, STATE (USA)</subfield><subfield code="9">eng</subfield><subfield code="0">(ETHUDK)000008052</subfield><subfield code="2">ethudk</subfield></datafield><datafield ind1=" " ind2="7" tag="650"><subfield code="a">WATER COLLECTION + WATER CATCHMENTS + WATER SOURCES (WATER SUPPLY)</subfield><subfield code="9">eng</subfield><subfield code="0">(ETHUDK)000030230</subfield><subfield code="2">ethudk</subfield></datafield><datafield ind1=" " ind2="0" tag="651"><subfield code="a">Bear Lake Watershed (Utah and Idaho)</subfield><subfield code="x">Climate</subfield></datafield><datafield ind1="1" ind2=" " tag="700"><subfield code="a">Rosenbaum, Joseph G.</subfield><subfield code="0">(IDREF)134354265</subfield></datafield><datafield ind1="4" ind2=" " tag="856"><subfield code="3">Titelblatt und Inhaltsverzeichnis</subfield><subfield code="u">https://toc.library.ethz.ch/objects/pdf/e04_978-0-8137-2450-8_01.pdf</subfield><subfield code="q">pdf</subfield></datafield><datafield ind1=" " ind2="0" tag="830"><subfield code="a">Special paper</subfield><subfield code="g">Geological Society of America</subfield><subfield code="v">450</subfield><subfield code="w">(RERO)1011285-41slsp</subfield></datafield><datafield ind1=" " ind2=" " tag="949"><subfield code="a">https://toc.library.ethz.ch/objects/pdf/e04_978-0-8137-2450-8_01.pdf</subfield></datafield></record>
</metadata></record>