<record><header><identifier>oai:alma.41SLSP_UGE:991000034669705502</identifier><datestamp>2023-04-12T00:10:41Z</datestamp><setSpec>uge_cmu_RapidILL_JOURNAL</setSpec><setSpec>uge_aobs_RapidILL_JOURNAL</setSpec><setSpec>uge_aaca_RapidILL_JOURNAL</setSpec><setSpec>uge_bcen_RapidILL_JOURNAL</setSpec><setSpec>uge_abbat_RapidILL_JOURNAL</setSpec><setSpec>uge_mail_RapidILL_JOURNAL</setSpec><setSpec>uge_dbu_RapidILL_JOURNAL</setSpec><setSpec>uge_abels_RapidILL_JOURNAL</setSpec><setSpec>UNIGE_ALL</setSpec><setSpec>uge_acar_RapidILL_JOURNAL</setSpec></header><metadata>
<record xmlns="http://www.loc.gov/MARC21/slim" xmlns:xsi="http://www.w3.org/2001/XMLSchema-instance" xsi:schemaLocation="http://www.loc.gov/MARC21/slim http://www.loc.gov/standards/marcxml/schema/MARC21slim.xsd"><leader>01347nas a2200361 c 4500</leader><controlfield tag="001">991000034669705502</controlfield><controlfield tag="005">20230411182936.0</controlfield><controlfield tag="008">881201d19581975be || p|  ||| 0    0fre d</controlfield><datafield ind1=" " ind2=" " tag="022"><subfield code="a">0023-1266</subfield></datafield><datafield ind1=" " ind2=" " tag="035"><subfield code="a">(swissbib)083296263-41slsp_network</subfield></datafield><datafield ind1=" " ind2=" " tag="035"><subfield code="a">083296263</subfield><subfield code="9">ExL</subfield></datafield><datafield ind1=" " ind2=" " tag="035"><subfield code="a">(RERO)1049545-41slsp</subfield></datafield><datafield ind1=" " ind2=" " tag="035"><subfield code="a">(EXLNZ-41SLSP_NETWORK)991122862899705501</subfield></datafield><datafield ind1=" " ind2=" " tag="040"><subfield code="a">RERO geudbu</subfield><subfield code="d">CH-ZuSLS</subfield></datafield><datafield ind1=" " ind2="7" tag="072"><subfield code="a">ch</subfield><subfield code="2">rero</subfield></datafield><datafield ind1="1" ind2="0" tag="210"><subfield code="a">Cobalt (Fr. Ed.)</subfield></datafield><datafield ind1="0" ind2="0" tag="245"><subfield code="a">Cobalt et cobalt abstracts</subfield></datafield><datafield ind1="1" ind2=" " tag="246"><subfield code="a">Cobalt</subfield></datafield><datafield ind1=" " ind2="1" tag="264"><subfield code="a">Bruxelles</subfield><subfield code="b">Centre d'information du cobalt</subfield></datafield><datafield ind1=" " ind2=" " tag="300"><subfield code="c">27 cm</subfield></datafield><datafield ind1=" " ind2=" " tag="336"><subfield code="b">txt</subfield><subfield code="2">rdacontent</subfield></datafield><datafield ind1=" " ind2=" " tag="337"><subfield code="b">n</subfield><subfield code="2">rdamedia</subfield></datafield><datafield ind1=" " ind2=" " tag="338"><subfield code="b">nc</subfield><subfield code="2">rdacarrier</subfield></datafield><datafield ind1="0" ind2=" " tag="362"><subfield code="a">No 1(1958)- no 57(1972) ; 1973-1975.</subfield></datafield><datafield ind1=" " ind2=" " tag="500"><subfield code="a">Variante de titre : Le Cobalt : revue trimestrielle des applications du cobalt et de ses dérivés</subfield></datafield><datafield ind1=" " ind2=" " tag="580"><subfield code="a">Fait suite après scission à: Metallurgical literature review</subfield></datafield><datafield ind1=" " ind2=" " tag="580"><subfield code="a">A une éd. en anglais : Cobalt</subfield></datafield><datafield ind1=" " ind2="7" tag="650"><subfield code="a">Cobalt</subfield><subfield code="0">(IDREF)027839079</subfield><subfield code="2">idref</subfield></datafield><datafield ind1=" " ind2="7" tag="650"><subfield code="a">Industrie</subfield><subfield code="0">(IDREF)027790215</subfield><subfield code="2">idref</subfield></datafield><datafield ind1=" " ind2="7" tag="655"><subfield code="a">Périodiques</subfield><subfield code="0">(IDREF)02724640X</subfield><subfield code="2">idref</subfield></datafield><datafield ind1="2" ind2=" " tag="710"><subfield code="a">Centre d'information du Cobalt</subfield><subfield code="g">1957-1977</subfield><subfield code="g">Bruxelles</subfield><subfield code="0">(IDREF)182519511</subfield></datafield><datafield ind1="0" ind2="0" tag="780"><subfield code="t">Metallurgical literature review</subfield><subfield code="w">(RERO)1406546-41slsp</subfield></datafield><datafield ind1="0" ind2=" " tag="775"><subfield code="t">Cobalt : a quarterly publication on cobalt and its uses</subfield><subfield code="w">(RERO)1714700-41slsp</subfield></datafield><datafield ind1=" " ind2=" " tag="900"><subfield code="a">REROnoselfmerge</subfield></datafield></record>
</metadata></record>