<record><header><identifier>oai:alma.41SLSP_UGE:991000034149705502</identifier><datestamp>2023-03-01T01:08:49Z</datestamp><setSpec>uge_bcen_RapidILL_BOOK</setSpec><setSpec>uge_aaca_RapidILL_BOOK</setSpec><setSpec>uge_abels_RapidILL_BOOK</setSpec><setSpec>uge_dbu_RapidILL_BOOK</setSpec><setSpec>uge_cmu_RapidILL_BOOK</setSpec><setSpec>uge_mail_RapidILL_BOOK</setSpec><setSpec>UNIGE_ALL</setSpec><setSpec>uge_abbat_RapidILL_BOOK</setSpec><setSpec>uge_aobs_RapidILL_BOOK</setSpec><setSpec>uge_acar_RapidILL_BOOK</setSpec></header><metadata>
<record xmlns="http://www.loc.gov/MARC21/slim" xmlns:xsi="http://www.w3.org/2001/XMLSchema-instance" xsi:schemaLocation="http://www.loc.gov/MARC21/slim http://www.loc.gov/standards/marcxml/schema/MARC21slim.xsd"><leader>01028nam a2200277 c 4500</leader><controlfield tag="001">991000034149705502</controlfield><controlfield tag="005">20201225181928.0</controlfield><controlfield tag="008">860716s1984    xxu||||| |||| 00| ||eng d</controlfield><datafield ind1=" " ind2=" " tag="035"><subfield code="a">(swissbib)080947212-41slsp_network</subfield></datafield><datafield ind1=" " ind2=" " tag="035"><subfield code="a">080947212</subfield><subfield code="9">ExL</subfield></datafield><datafield ind1=" " ind2=" " tag="035"><subfield code="a">(RERO)0732324-41slsp</subfield></datafield><datafield ind1=" " ind2=" " tag="035"><subfield code="a">(EXLNZ-41SLSP_NETWORK)991039104659705501</subfield></datafield><datafield ind1=" " ind2=" " tag="040"><subfield code="a">RERO labcud</subfield><subfield code="d">CH-ZuSLS</subfield></datafield><datafield ind1=" " ind2="7" tag="072"><subfield code="a">an</subfield><subfield code="2">rero</subfield></datafield><datafield ind1="1" ind2=" " tag="080"><subfield code="a">820(73)&quot;17/18&quot;IRV1</subfield></datafield><datafield ind1="1" ind2=" " tag="100"><subfield code="a">Irving, Washington</subfield><subfield code="d">1783-1859</subfield><subfield code="0">(IDREF)026931249</subfield><subfield code="4">cre</subfield></datafield><datafield ind1="1" ind2="0" tag="245"><subfield code="a">Journals and notebooks</subfield><subfield code="c">Washington Irving.</subfield><subfield code="n">Vol. 4</subfield><subfield code="p">1826-1829 / ed. by Wayne R. Kime and Andrew B. Myers</subfield></datafield><datafield ind1=" " ind2="1" tag="264"><subfield code="a">Boston</subfield><subfield code="b">Twayne</subfield><subfield code="c">1984</subfield></datafield><datafield ind1=" " ind2=" " tag="300"><subfield code="a">XXII, 402 p.</subfield><subfield code="c">24 cm</subfield></datafield><datafield ind1=" " ind2=" " tag="336"><subfield code="b">txt</subfield><subfield code="2">rdacontent</subfield></datafield><datafield ind1=" " ind2=" " tag="337"><subfield code="b">n</subfield><subfield code="2">rdamedia</subfield></datafield><datafield ind1=" " ind2=" " tag="338"><subfield code="b">nc</subfield><subfield code="2">rdacarrier</subfield></datafield><datafield ind1="1" ind2=" " tag="490"><subfield code="a">The complete works of Washington Irving</subfield><subfield code="v">vol. 4</subfield></datafield><datafield ind1="1" ind2=" " tag="700"><subfield code="a">Kime, Wayne R.</subfield><subfield code="0">(IDREF)028376080</subfield></datafield><datafield ind1="1" ind2=" " tag="800"><subfield code="a">Irving, Washington</subfield><subfield code="d">1783-1859</subfield><subfield code="t">Werke</subfield><subfield code="v">4</subfield><subfield code="w">(RERO)0498761-41slsp</subfield></datafield><datafield ind1="1" ind2=" " tag="800"><subfield code="a">Irving, Washington</subfield><subfield code="d">1783-1859</subfield><subfield code="t">Journals and notebooks</subfield><subfield code="v">4</subfield><subfield code="w">(RERO)0503082-41slsp</subfield></datafield><datafield ind1=" " ind2=" " tag="900"><subfield code="a">REROnoselfmerge</subfield></datafield></record>
</metadata></record>