<record><header><identifier>oai:alma.41SLSP_UGE:991000033859705502</identifier><datestamp>2023-03-01T01:08:49Z</datestamp><setSpec>uge_bcen_RapidILL_BOOK</setSpec><setSpec>uge_aaca_RapidILL_BOOK</setSpec><setSpec>uge_abels_RapidILL_BOOK</setSpec><setSpec>uge_dbu_RapidILL_BOOK</setSpec><setSpec>uge_cmu_RapidILL_BOOK</setSpec><setSpec>uge_mail_RapidILL_BOOK</setSpec><setSpec>UNIGE_ALL</setSpec><setSpec>uge_abbat_RapidILL_BOOK</setSpec><setSpec>uge_aobs_RapidILL_BOOK</setSpec><setSpec>uge_acar_RapidILL_BOOK</setSpec></header><metadata>
<record xmlns="http://www.loc.gov/MARC21/slim" xmlns:xsi="http://www.w3.org/2001/XMLSchema-instance" xsi:schemaLocation="http://www.loc.gov/MARC21/slim http://www.loc.gov/standards/marcxml/schema/MARC21slim.xsd"><leader>01134nam a2200301 c 4500</leader><controlfield tag="001">991000033859705502</controlfield><controlfield tag="005">20201126035722.0</controlfield><controlfield tag="008">050808s1959    gw ||||| |||| 00| ||ger d</controlfield><datafield ind1=" " ind2=" " tag="035"><subfield code="a">(swissbib)102244707-41slsp_network</subfield></datafield><datafield ind1=" " ind2=" " tag="035"><subfield code="a">102244707</subfield><subfield code="9">ExL</subfield></datafield><datafield ind1=" " ind2=" " tag="035"><subfield code="a">(RERO)R003886527-41slsp</subfield></datafield><datafield ind1=" " ind2=" " tag="035"><subfield code="a">(EXLNZ-41SLSP_NETWORK)991085752119705501</subfield></datafield><datafield ind1=" " ind2=" " tag="040"><subfield code="a">RERO geulal</subfield><subfield code="d">CH-ZuSLS</subfield></datafield><datafield ind1="1" ind2=" " tag="041"><subfield code="a">ger</subfield><subfield code="a">gmh</subfield><subfield code="h">gmh</subfield></datafield><datafield ind1=" " ind2="7" tag="072"><subfield code="a">al</subfield><subfield code="2">rero</subfield></datafield><datafield ind1="0" ind2=" " tag="100"><subfield code="a">Heinrich</subfield><subfield code="c">von Mügeln</subfield><subfield code="0">(RERO)A012358084</subfield><subfield code="4">cre</subfield></datafield><datafield ind1="1" ind2="0" tag="245"><subfield code="a">&lt;&lt;Die&gt;&gt; kleineren Dichtungen Heinrichs von Mügeln</subfield><subfield code="n">1. Abt.</subfield><subfield code="p">Die Spruchsammlung des Göttinger Cod. Philos. 21</subfield><subfield code="c">hrsg. von Karl Stackmann</subfield></datafield><datafield ind1=" " ind2="1" tag="264"><subfield code="a">Berlin</subfield><subfield code="b">Akademie Verl.</subfield><subfield code="c">1959</subfield></datafield><datafield ind1=" " ind2=" " tag="300"><subfield code="a">3 Bd. (651 p.)</subfield><subfield code="c">25 cm</subfield></datafield><datafield ind1=" " ind2=" " tag="336"><subfield code="b">txt</subfield><subfield code="2">rdacontent</subfield></datafield><datafield ind1=" " ind2=" " tag="337"><subfield code="b">n</subfield><subfield code="2">rdamedia</subfield></datafield><datafield ind1=" " ind2=" " tag="338"><subfield code="b">nc</subfield><subfield code="2">rdacarrier</subfield></datafield><datafield ind1="1" ind2=" " tag="490"><subfield code="a">Deutsche Texte des Mittelalters</subfield><subfield code="v">Bd. 50-52</subfield></datafield><datafield ind1="0" ind2=" " tag="505"><subfield code="a">1. Teilbd.: Einleitung, Text der Bücher I-IV</subfield></datafield><datafield ind1="0" ind2=" " tag="505"><subfield code="a">2. Teilbd.: Text der Bücher V-XVI</subfield></datafield><datafield ind1="0" ind2=" " tag="505"><subfield code="a">3. Teilbd.: Lesarten</subfield></datafield><datafield ind1="1" ind2=" " tag="700"><subfield code="a">Stackmann, Karl</subfield><subfield code="d">1922-....</subfield><subfield code="0">(IDREF)028485130</subfield></datafield><datafield ind1=" " ind2=" " tag="830"><subfield code="a">Deutsche Texte des Mittelalters</subfield><subfield code="v">50-52</subfield><subfield code="w">(RERO)0037692-41slsp</subfield></datafield><datafield ind1=" " ind2=" " tag="900"><subfield code="a">REROnoselfmerge</subfield></datafield></record>
</metadata></record>