<record><header><identifier>oai:alma.41SLSP_UGE:991000034069705502</identifier><datestamp>2023-03-01T01:08:49Z</datestamp><setSpec>uge_bcen_RapidILL_BOOK</setSpec><setSpec>uge_aaca_RapidILL_BOOK</setSpec><setSpec>uge_abels_RapidILL_BOOK</setSpec><setSpec>uge_dbu_RapidILL_BOOK</setSpec><setSpec>uge_cmu_RapidILL_BOOK</setSpec><setSpec>uge_mail_RapidILL_BOOK</setSpec><setSpec>UNIGE_ALL</setSpec><setSpec>uge_abbat_RapidILL_BOOK</setSpec><setSpec>uge_acar_RapidILL_BOOK</setSpec><setSpec>uge_aobs_RapidILL_BOOK</setSpec></header><metadata>
<record xmlns="http://www.loc.gov/MARC21/slim" xmlns:xsi="http://www.w3.org/2001/XMLSchema-instance" xsi:schemaLocation="http://www.loc.gov/MARC21/slim http://www.loc.gov/standards/marcxml/schema/MARC21slim.xsd"><leader>02994nam a2200457 c 4500</leader><controlfield tag="001">991000034069705502</controlfield><controlfield tag="005">20230224182425.0</controlfield><controlfield tag="008">201022s2019    fr            00| | fre d</controlfield><datafield ind1=" " ind2=" " tag="020"><subfield code="a">9782204130851</subfield></datafield><datafield ind1=" " ind2=" " tag="035"><subfield code="a">(swissbib)252492390-41slsp_network</subfield></datafield><datafield ind1=" " ind2=" " tag="035"><subfield code="a">252492390</subfield><subfield code="9">ExL</subfield></datafield><datafield ind1=" " ind2=" " tag="035"><subfield code="a">(RERO)R008955968-41slsp</subfield></datafield><datafield ind1=" " ind2=" " tag="035"><subfield code="a">(SBT)000947884SBT01</subfield></datafield><datafield ind1=" " ind2=" " tag="035"><subfield code="a">(EXLNZ-41SLSP_NETWORK)991046882899705501</subfield></datafield><datafield ind1=" " ind2=" " tag="040"><subfield code="a">RERO vshevs</subfield><subfield code="d">CH-ZuSLS</subfield></datafield><datafield ind1=" " ind2="7" tag="072"><subfield code="a">so</subfield><subfield code="2">rero</subfield></datafield><datafield ind1=" " ind2="7" tag="072"><subfield code="a">ph</subfield><subfield code="2">rero</subfield></datafield><datafield ind1="1" ind2=" " tag="080"><subfield code="a">392.36</subfield></datafield><datafield ind1="1" ind2=" " tag="080"><subfield code="a">616.895.1</subfield></datafield><datafield ind1="1" ind2=" " tag="080"><subfield code="a">616.89-008.44.44</subfield></datafield><datafield ind1=" " ind2=" " tag="084"><subfield code="a">A 7.1 g</subfield><subfield code="2">cjurrom</subfield></datafield><datafield ind1="0" ind2="0" tag="245"><subfield code="a">&lt;&lt;Le&gt;&gt; suicide</subfield><subfield code="b">regards croisés</subfield><subfield code="c">sous la direction de François-Xavier Putallaz et Bernard N. Schumacher</subfield></datafield><datafield ind1=" " ind2="1" tag="264"><subfield code="a">Paris</subfield><subfield code="b">Les Editions du Cerf</subfield><subfield code="c">[2019]</subfield></datafield><datafield ind1=" " ind2=" " tag="300"><subfield code="a">573 pages</subfield><subfield code="b">illustrations</subfield><subfield code="c">21 cm</subfield></datafield><datafield ind1=" " ind2=" " tag="336"><subfield code="b">txt</subfield><subfield code="2">rdacontent</subfield></datafield><datafield ind1=" " ind2=" " tag="337"><subfield code="b">n</subfield><subfield code="2">rdamedia</subfield></datafield><datafield ind1=" " ind2=" " tag="338"><subfield code="b">nc</subfield><subfield code="2">rdacarrier</subfield></datafield><datafield ind1="8" ind2=" " tag="520"><subfield code="a">22 contributions pluridisciplinaires sur le suicide convoquant la philosophie, la psychiatrie, la théologie ou encore la sociologie. Elles montrent que le suicide d'une personne défie les valeurs qui fondent la démocratie dont la dignité humaine, la liberté et la solidarité. Elles ouvrent également la réflexion sur l'euthanasie et l'aide au suicide. (Electre)</subfield><subfield code="5">RERO/gehets-/12.2019</subfield></datafield><datafield ind1=" " ind2=" " tag="520"><subfield code="a">Alors que le suicide est dépénalisé depuis plus de deux siècles dans nos pays, inciter une personne à se supprimer ou y contribuer activement est d'ordinaire puni par la loi et réprouvé par l'éthique. Démêler ce paradoxe et rendre plus intelligible un acte qui ne le sera peut-être jamais est le but de cet ouvrage. Qu'en ont dit les grands penseurs, des stoïciens jusqu'à saint Augustin, Thomas d'Aquin, Hume, Kant ou Emile Durkheim ? Et aujourd'hui, que peuvent nous apprendre le psychiatre et le travailleur social, le théologien et le médecin en soins palliatifs, ou encore l'économiste, qui lève ici le voile sur un tabou occidental ? Car le suicide d'une personne questionne les valeurs sur lesquelles reposent nos démocraties, comme la dignité humaine, la liberté ou la solidarité. Un livre indispensable à toute discussion raisonnable sur l'euthanasie, l'aide au suicide et la prévention d'actes suicidaires.</subfield><subfield code="5">SBT/03.07.2020/BUL/CC</subfield></datafield><datafield ind1=" " ind2="7" tag="650"><subfield code="a">Suicide</subfield><subfield code="0">(IDREF)02742166X</subfield><subfield code="2">idref</subfield></datafield><datafield ind1=" " ind2="7" tag="650"><subfield code="a">Prévention</subfield><subfield code="0">(IDREF)02724525X</subfield><subfield code="2">idref</subfield></datafield><datafield ind1=" " ind2="7" tag="650"><subfield code="a">Aide au suicide</subfield><subfield code="0">(IDREF)035029463</subfield><subfield code="2">idref</subfield></datafield><datafield ind1=" " ind2="7" tag="650"><subfield code="a">Euthanasie</subfield><subfield code="0">(IDREF)027594912</subfield><subfield code="2">idref</subfield></datafield><datafield ind1=" " ind2="7" tag="650"><subfield code="a">Droit à la mort</subfield><subfield code="0">(IDREF)027232425</subfield><subfield code="2">idref</subfield></datafield><datafield ind1=" " ind2="7" tag="650"><subfield code="a">Morale</subfield><subfield code="0">(IDREF)027790029</subfield><subfield code="2">idref</subfield></datafield><datafield ind1=" " ind2="7" tag="650"><subfield code="a">Philosophie</subfield><subfield code="0">(IDREF)027295206</subfield><subfield code="2">idref</subfield></datafield><datafield ind1=" " ind2="7" tag="650"><subfield code="a">Dignité humaine</subfield><subfield code="0">(IDREF)027847594</subfield><subfield code="2">idref</subfield></datafield><datafield ind1=" " ind2="7" tag="655"><subfield code="a">[Études diverses]</subfield><subfield code="0">(RERO)A022249905</subfield><subfield code="2">rero</subfield></datafield><datafield ind1=" " ind2=" " tag="691"><subfield code="e">179.7</subfield><subfield code="a">Altre norme etiche. Rispetto e disprezzo della vita umana</subfield><subfield code="2">usi-TE</subfield></datafield><datafield ind1="1" ind2=" " tag="700"><subfield code="a">Schumacher, Bernard N.</subfield><subfield code="d">1965-....</subfield><subfield code="0">(IDREF)057482381</subfield><subfield code="4">edt</subfield></datafield><datafield ind1="1" ind2=" " tag="700"><subfield code="a">Putallaz, François-Xavier</subfield><subfield code="d">1957-....</subfield><subfield code="0">(IDREF)030662656</subfield><subfield code="4">edt</subfield></datafield><datafield ind1=" " ind2=" " tag="900"><subfield code="a">REROnoselfmerge</subfield></datafield></record>
</metadata></record>