<record><header><identifier>oai:alma.41SLSP_UGE:991000034689705502</identifier><datestamp>2023-03-01T01:08:49Z</datestamp><setSpec>UNIGE_ALL</setSpec></header><metadata>
<record xmlns="http://www.loc.gov/MARC21/slim" xmlns:xsi="http://www.w3.org/2001/XMLSchema-instance" xsi:schemaLocation="http://www.loc.gov/MARC21/slim http://www.loc.gov/standards/marcxml/schema/MARC21slim.xsd"><leader>00996njm a22003017c 4500</leader><controlfield tag="001">991000034689705502</controlfield><controlfield tag="005">20210207114624.0</controlfield><controlfield tag="007">sd b||||||||||</controlfield><controlfield tag="008">110122s1973    xx ||n |            eng d</controlfield><datafield ind1="0" ind2="2" tag="028"><subfield code="a">Supraphon 1 10 1393</subfield></datafield><datafield ind1=" " ind2=" " tag="035"><subfield code="a">(swissbib)113563272-41slsp_network</subfield></datafield><datafield ind1=" " ind2=" " tag="035"><subfield code="a">113563272</subfield><subfield code="9">ExL</subfield></datafield><datafield ind1=" " ind2=" " tag="035"><subfield code="a">(RERO)R006021703-41slsp</subfield></datafield><datafield ind1=" " ind2=" " tag="035"><subfield code="a">(EXLNZ-41SLSP_NETWORK)991032442289705501</subfield></datafield><datafield ind1=" " ind2=" " tag="040"><subfield code="a">RERO geulmu</subfield><subfield code="d">CH-ZuSLS</subfield></datafield><datafield ind1="0" ind2=" " tag="041"><subfield code="a">eng</subfield><subfield code="a">ger</subfield><subfield code="a">fre</subfield></datafield><datafield ind1=" " ind2="7" tag="072"><subfield code="a">mu</subfield><subfield code="2">rero</subfield></datafield><datafield ind1="1" ind2=" " tag="100"><subfield code="a">Dvořák, Antonín</subfield><subfield code="d">1841-1904</subfield><subfield code="0">(IDREF)030222613</subfield><subfield code="4">cre</subfield></datafield><datafield ind1="1" ind2="0" tag="245"><subfield code="a">Legends op. 59</subfield><subfield code="c">Antonìn Dvorák</subfield></datafield><datafield ind1=" " ind2="1" tag="264"><subfield code="a">[Lieu de publication non identifié]</subfield><subfield code="b">[éditeur non identifié]</subfield><subfield code="c">1973</subfield></datafield><datafield ind1=" " ind2=" " tag="300"><subfield code="a">1 disque sonore</subfield><subfield code="b">33 t.</subfield></datafield><datafield ind1=" " ind2=" " tag="336"><subfield code="b">prm</subfield><subfield code="2">rdacontent</subfield></datafield><datafield ind1=" " ind2=" " tag="337"><subfield code="b">s</subfield><subfield code="2">rdamedia</subfield></datafield><datafield ind1=" " ind2=" " tag="338"><subfield code="b">sd</subfield><subfield code="2">rdacarrier</subfield></datafield><datafield ind1=" " ind2=" " tag="500"><subfield code="a">Formation: orchestre symphonique</subfield></datafield><datafield ind1="0" ind2=" " tag="505"><subfield code="a">[Legendy (Legends). Orchestre. Op. 59]</subfield></datafield><datafield ind1="1" ind2=" " tag="700"><subfield code="a">Pinkas, Jiří</subfield><subfield code="0">(RERO)A003695805</subfield></datafield><datafield ind1="2" ind2=" " tag="710"><subfield code="a">Státni filharmonie</subfield><subfield code="g">Brno, République tchèque</subfield><subfield code="0">(IDREF)158334426</subfield></datafield><datafield ind1=" " ind2=" " tag="900"><subfield code="a">REROnoselfmerge</subfield></datafield><datafield ind1=" " ind2=" " tag="960"><subfield code="2">matmu</subfield><subfield code="a">Tchéquie ; Romantisme ; XIXe ; Légendes ; Orchestre ; Symphonies</subfield><subfield code="9">LOCAL</subfield></datafield></record>
</metadata></record>