<record><header><identifier>oai:alma.41SLSP_UGE:991000034579705502</identifier><datestamp>2023-07-03T00:42:28Z</datestamp><setSpec>uge_bcen_RapidILL_BOOK</setSpec><setSpec>uge_aaca_RapidILL_BOOK</setSpec><setSpec>uge_abels_RapidILL_BOOK</setSpec><setSpec>uge_dbu_RapidILL_BOOK</setSpec><setSpec>uge_cmu_RapidILL_BOOK</setSpec><setSpec>uge_mail_RapidILL_BOOK</setSpec><setSpec>uge_abbat_RapidILL_BOOK</setSpec><setSpec>UNIGE_ALL</setSpec><setSpec>uge_aobs_RapidILL_BOOK</setSpec><setSpec>uge_acar_RapidILL_BOOK</setSpec></header><metadata>
<record xmlns="http://www.loc.gov/MARC21/slim" xmlns:xsi="http://www.w3.org/2001/XMLSchema-instance" xsi:schemaLocation="http://www.loc.gov/MARC21/slim http://www.loc.gov/standards/marcxml/schema/MARC21slim.xsd"><leader>04248nam a2200637 c 4500</leader><controlfield tag="001">991000034579705502</controlfield><controlfield tag="005">20230702063514.0</controlfield><controlfield tag="008">201011s2000    xxk||||| |||| 00| ||eng d</controlfield><datafield ind1=" " ind2=" " tag="020"><subfield code="a">9780471978367</subfield></datafield><datafield ind1=" " ind2=" " tag="020"><subfield code="a">0471978361</subfield></datafield><datafield ind1="7" ind2=" " tag="024"><subfield code="a">http://catalogue.bnf.fr/ark:/12148/cb37549525x</subfield><subfield code="2">uri</subfield></datafield><datafield ind1=" " ind2=" " tag="035"><subfield code="a">(swissbib)215511204-41slsp_network</subfield></datafield><datafield ind1=" " ind2=" " tag="035"><subfield code="a">215511204</subfield><subfield code="9">ExL</subfield></datafield><datafield ind1=" " ind2=" " tag="035"><subfield code="a">(RERO)R005028190-41slsp</subfield></datafield><datafield ind1=" " ind2=" " tag="035"><subfield code="a">(NEBIS)008410343EBI01</subfield></datafield><datafield ind1=" " ind2=" " tag="035"><subfield code="a">(IDSSG)000469243HSB01</subfield></datafield><datafield ind1=" " ind2=" " tag="035"><subfield code="a">(IDSBB)004400915DSV01</subfield></datafield><datafield ind1=" " ind2=" " tag="035"><subfield code="a">(EXLNZ-41SLSP_NETWORK)991102694169705501</subfield></datafield><datafield ind1=" " ind2=" " tag="040"><subfield code="a">RERO geuhim</subfield><subfield code="d">CH-ZuSLS</subfield></datafield><datafield ind1=" " ind2=" " tag="044"><subfield code="a">xxk</subfield><subfield code="a">xxu</subfield></datafield><datafield ind1=" " ind2="7" tag="072"><subfield code="a">ps</subfield><subfield code="2">rero</subfield></datafield><datafield ind1=" " ind2="7" tag="072"><subfield code="a">ps</subfield><subfield code="2">SzZuIDS BS/BE</subfield></datafield><datafield ind1="1" ind2="4" tag="082"><subfield code="a">150</subfield><subfield code="2">15</subfield></datafield><datafield ind1=" " ind2=" " tag="084"><subfield code="a">CP 3000</subfield><subfield code="2">rvk</subfield></datafield><datafield ind1=" " ind2=" " tag="084"><subfield code="a">CP 3200</subfield><subfield code="2">rvk</subfield></datafield><datafield ind1=" " ind2=" " tag="084"><subfield code="a">CP 4000</subfield><subfield code="2">rvk</subfield></datafield><datafield ind1=" " ind2=" " tag="084"><subfield code="a">CU 3000</subfield><subfield code="2">rvk</subfield></datafield><datafield ind1=" " ind2=" " tag="084"><subfield code="a">ST 670</subfield><subfield code="2">rvk</subfield></datafield><datafield ind1="0" ind2="0" tag="245"><subfield code="a">Handbook of cognition and emotion</subfield><subfield code="c">ed. by Tim Dalgleish and Mick J. Power</subfield></datafield><datafield ind1=" " ind2=" " tag="250"><subfield code="a">Reprinted</subfield></datafield><datafield ind1=" " ind2="1" tag="264"><subfield code="a">Chichester</subfield><subfield code="b">J. Wiley</subfield><subfield code="c">2000</subfield></datafield><datafield ind1=" " ind2=" " tag="300"><subfield code="a">XXI, 843 S.</subfield><subfield code="b">graph. Darst.</subfield></datafield><datafield ind1=" " ind2=" " tag="336"><subfield code="b">txt</subfield><subfield code="2">rdacontent</subfield></datafield><datafield ind1=" " ind2=" " tag="337"><subfield code="b">n</subfield><subfield code="2">rdamedia</subfield></datafield><datafield ind1=" " ind2=" " tag="338"><subfield code="b">nc</subfield><subfield code="2">rdacarrier</subfield></datafield><datafield ind1=" " ind2=" " tag="504"><subfield code="a">Literaturangaben</subfield></datafield><datafield ind1=" " ind2=" " tag="534"><subfield code="c">Chichester : Wiley, 1999</subfield></datafield><datafield ind1=" " ind2="7" tag="650"><subfield code="a">Cognition</subfield><subfield code="0">(IDREF)027223493</subfield><subfield code="2">idref</subfield></datafield><datafield ind1=" " ind2="7" tag="650"><subfield code="a">Émotions</subfield><subfield code="0">(IDREF)027387402</subfield><subfield code="2">idref</subfield></datafield><datafield ind1=" " ind2="7" tag="650"><subfield code="a">Kognitive Psychologie</subfield><subfield code="0">(DE-588)4073586-2</subfield><subfield code="2">gnd</subfield></datafield><datafield ind1=" " ind2="7" tag="650"><subfield code="a">Kognition</subfield><subfield code="0">(DE-588)4031630-0</subfield><subfield code="2">gnd</subfield></datafield><datafield ind1=" " ind2="7" tag="650"><subfield code="a">Gefühl</subfield><subfield code="0">(DE-588)4019702-5</subfield><subfield code="2">gnd</subfield></datafield><datafield ind1=" " ind2="7" tag="650"><subfield code="a">Kognition</subfield><subfield code="x">Emotion</subfield><subfield code="v">0 Gesamtdarstellung</subfield><subfield code="2">idsbb</subfield></datafield><datafield ind1=" " ind2="7" tag="650"><subfield code="a">Emotion</subfield><subfield code="x">Kognition</subfield><subfield code="v">0 Gesamtdarstellung</subfield><subfield code="2">idsbb</subfield></datafield><datafield ind1=" " ind2="7" tag="655"><subfield code="a">Manuels d'enseignement</subfield><subfield code="0">(IDREF)027446514</subfield><subfield code="2">idref</subfield></datafield><datafield ind1=" " ind2="7" tag="655"><subfield code="a">Lehrbuch</subfield><subfield code="2">gnd-content</subfield></datafield><datafield ind1=" " ind2="7" tag="655"><subfield code="a">Aufsatzsammlung</subfield><subfield code="2">gnd-content</subfield></datafield><datafield ind1=" " ind2=" " tag="690"><subfield code="a">Angst; Wut; Gefühl; Kognitionswissenschaft; Störung; Forschung; Erkenntnistheorie; Netzwerktheorie; Ekman; Debatte; Erfahrung; Erinnerung; Hemmung; Bewertung; Perspektive; Verhaltenstherapie</subfield><subfield code="2">idssg-J</subfield></datafield><datafield ind1=" " ind2=" " tag="690"><subfield code="a">Angststörung; Attributionstheorie; Expositionstherapie; Forschungsmethode; Selbstregulierung; Erkenntnisemotion; Erkenntnistheorienemotion; Gesichtsausdruck; VorwortKeith; Sonderfall; Weinheim</subfield><subfield code="2">idssg-J</subfield></datafield><datafield ind1=" " ind2=" " tag="690"><subfield code="a">bewusster Prozess; kognitivmotivationale Karin; affektiver Stil; allgemeines Kapitel; bewusste Erfahrung; emotionale Erinnerung; emotionaler Prozess; frühe Entstehung; gegenseitige Implikation; kognitive Folge; kognitiver Prozess; kognitive Verhaltenstherapie; mehrstufige Erkenntnistheorienemotion; methodische Überlegung; neuropsychologische Perspektive; perspektive Karin; psychodynamische Technik; psychodynamische Theorie; selbstbewusstes Gefühl; selektive Aufmerksamkeit; theoretische Implikation; zukünftige Richtung</subfield><subfield code="2">idssg-J</subfield></datafield><datafield ind1=" " ind2=" " tag="690"><subfield code="a">Großbritannien C4EUUK; Singapur C9SING; Australien C8AUST; Vereinigte Staaten C1USA; Kanada C1CANA; Alabama C1USA; Frankreich C4EUFR</subfield><subfield code="2">idssg-J</subfield></datafield><datafield ind1=" " ind2=" " tag="690"><subfield code="a">Adrian Wells; Ake Christianson; Alice Isen; Andrew Mathews; Angststörung Colin MacLeod; Arne Ohman; Attributionstheorie Emotionstheorien Ian Gotlib; Autobiographical Speicher Helen Healy; Bewertung Theorie Klaus Scherer; Bradley; Brain Sciences; Brisbane Singapur Toronto; Clark Mc Cauley; Debra Bekerian; Elisabeth Engelberg; Emotion Gerald Matthews; Gedächtnis Henry Ellis; Gehirn Jeffrey Gray; Gerrod Parrott; Geschichte Richard Lazarus; Implikation Drew Westen; Isabela Granic; Jacqueline Wood; James Averill; John Wiley Sons; John Wiley Sons Chichester New York Weinheim; Joseph Forgas; Karin Mogg; Kognition Emotion Wechselwirkungen Marc Lewis; Leonard Berkowitz; Linda Levine; Lynn Abramson; Mark Lau; Mark Williams; Martin Osten; mehrstufig ErkenntnistheorienEmotion Beziehungen John Teasdale; Michael Lewis; Mick Leistungs; Moore; Nancy Stein; Paul Ekman; Paul Rokke; Paula Hertel; Peter Kinderman; Phobie Richard Mc Nally; Prospective Kognitionen Andrew MacLeod; Richard Bentall; Richard Davidson; Seele Emotion Paul Rozin Jonathan Haidt</subfield><subfield code="2">idssg-J</subfield></datafield><datafield ind1="1" ind2=" " tag="700"><subfield code="a">Power, Michael J.</subfield><subfield code="0">(DE-588)142331392</subfield></datafield><datafield ind1="1" ind2=" " tag="700"><subfield code="a">Dalgleish, Tim</subfield><subfield code="0">(IDREF)050509292</subfield></datafield><datafield ind1="0" ind2="8" tag="776"><subfield code="i">Online-Ausgabe</subfield><subfield code="w">(IDSSG)000928670HSB01</subfield></datafield><datafield ind1="4" ind2=" " tag="856"><subfield code="u">https://tools.unisg.ch/url/hm00232215</subfield><subfield code="z">Inhaltsverzeichnis</subfield></datafield><datafield ind1=" " ind2=" " tag="949"><subfield code="a">https://tools.unisg.ch/url/hm00232215</subfield></datafield></record>
</metadata></record>