<record><header><identifier>oai:alma.41SLSP_UGE:991000034809705502</identifier><datestamp>2023-06-26T00:14:45Z</datestamp><setSpec>UNIGE_ALL</setSpec></header><metadata>
<record xmlns="http://www.loc.gov/MARC21/slim" xmlns:xsi="http://www.w3.org/2001/XMLSchema-instance" xsi:schemaLocation="http://www.loc.gov/MARC21/slim http://www.loc.gov/standards/marcxml/schema/MARC21slim.xsd"><leader>02306ngm a2200469 c 4500</leader><controlfield tag="001">991000034809705502</controlfield><controlfield tag="005">20230625173338.0</controlfield><controlfield tag="007">vd |v||||</controlfield><controlfield tag="008">170517s2017    fr ||| |          v|fre d</controlfield><datafield ind1="4" ind2="2" tag="028"><subfield code="a">831 164 7</subfield></datafield><datafield ind1="4" ind2="2" tag="028"><subfield code="a">5053083116477</subfield></datafield><datafield ind1=" " ind2=" " tag="035"><subfield code="a">(swissbib)123867738-41slsp_network</subfield></datafield><datafield ind1=" " ind2=" " tag="035"><subfield code="a">123867738</subfield><subfield code="9">ExL</subfield></datafield><datafield ind1=" " ind2=" " tag="035"><subfield code="a">(RERO)R008653329-41slsp</subfield></datafield><datafield ind1=" " ind2=" " tag="035"><subfield code="a">(EXLNZ-41SLSP_NETWORK)991030554819705501</subfield></datafield><datafield ind1=" " ind2=" " tag="040"><subfield code="a">RERO frbcuc</subfield><subfield code="d">CH-ZuSLS</subfield></datafield><datafield ind1=" " ind2="7" tag="072"><subfield code="a">ba</subfield><subfield code="2">rero</subfield></datafield><datafield ind1="0" ind2="0" tag="245"><subfield code="a">Primaire</subfield><subfield code="c">un film de Hélène Angel ; musique originale Philippe Miller ; scénario Hélène Angel et Yann Coridian</subfield></datafield><datafield ind1=" " ind2="1" tag="264"><subfield code="a">[Issy-les-Moulineaux]</subfield><subfield code="b">StudioCanal</subfield><subfield code="c">2017</subfield></datafield><datafield ind1=" " ind2=" " tag="300"><subfield code="a">1 DVD vidéo</subfield></datafield><datafield ind1=" " ind2=" " tag="336"><subfield code="b">tdi</subfield><subfield code="2">rdacontent</subfield></datafield><datafield ind1=" " ind2=" " tag="337"><subfield code="b">v</subfield><subfield code="2">rdamedia</subfield></datafield><datafield ind1=" " ind2=" " tag="338"><subfield code="b">vd</subfield><subfield code="2">rdacarrier</subfield></datafield><datafield ind1=" " ind2=" " tag="385"><subfield code="a">Dès 12 ans</subfield><subfield code="2">rero</subfield></datafield><datafield ind1=" " ind2=" " tag="500"><subfield code="a">Une prod. Lionceau Film / Studiocanal / France 2 Cinema, 2016</subfield></datafield><datafield ind1=" " ind2=" " tag="500"><subfield code="a">Durée du film: ca. 101 min.</subfield></datafield><datafield ind1=" " ind2=" " tag="500"><subfield code="a">Langue: français. Sous-titre: français sourds et malentendants</subfield></datafield><datafield ind1="0" ind2=" " tag="505"><subfield code="a">Le tournage. - 13 min.</subfield></datafield><datafield ind1=" " ind2=" " tag="508"><subfield code="a">Image Yves Angelo ; Montage Sylvie Lager, Christophe Pinel ... et al.</subfield></datafield><datafield ind1="0" ind2=" " tag="511"><subfield code="a">Sara Forestier ; Vincent Elbaz ; Patrick D'Assumçao ; Guilaine Londez ; Olivia Côte ; Lucie Desclozeaux ; Denis Sebbah ; Albert Cousi ; Ghillas Bendjoudi ... et al.</subfield></datafield><datafield ind1="8" ind2=" " tag="520"><subfield code="a">Florence est une professeure des écoles dévouée à ses élèves. Quand elle rencontre le petit Sacha, un enfant en difficulté, elle va tout faire pour le sauver, quitte à délaisser sa vie de mère, de femme et même remettre en cause sa vocation. Florence va réaliser peu à peu qu'il n'y a pas d'âge pour apprendre.</subfield><subfield code="5">RERO/gehets-/05.20017</subfield></datafield><datafield ind1="8" ind2=" " tag="520"><subfield code="a">Comédie dramatique</subfield><subfield code="5">RERO/vsbcvs/06.2017</subfield></datafield><datafield ind1=" " ind2="7" tag="650"><subfield code="a">Troubles du comportement</subfield><subfield code="0">(IDREF)034237410</subfield><subfield code="2">idref</subfield></datafield><datafield ind1=" " ind2="7" tag="650"><subfield code="a">Discipline scolaire</subfield><subfield code="0">(IDREF)027730980</subfield><subfield code="2">idref</subfield></datafield><datafield ind1=" " ind2="7" tag="650"><subfield code="a">Enfants difficiles</subfield><subfield code="0">(IDREF)027288668</subfield><subfield code="2">idref</subfield></datafield><datafield ind1=" " ind2="7" tag="650"><subfield code="a">Violence</subfield><subfield code="0">(IDREF)027255891</subfield><subfield code="2">idref</subfield></datafield><datafield ind1=" " ind2="7" tag="650"><subfield code="a">Enseignants</subfield><subfield code="0">(IDREF)027304418</subfield><subfield code="2">idref</subfield></datafield><datafield ind1=" " ind2="7" tag="650"><subfield code="a">Enseignement primaire</subfield><subfield code="0">(IDREF)027288757</subfield><subfield code="2">idref</subfield></datafield><datafield ind1=" " ind2="7" tag="655"><subfield code="a">DVD</subfield><subfield code="0">(IDREF)035108444</subfield><subfield code="2">idref</subfield></datafield><datafield ind1=" " ind2="7" tag="655"><subfield code="a">Films de fiction</subfield><subfield code="0">(IDREF)14779644X</subfield><subfield code="2">idref</subfield></datafield><datafield ind1="1" ind2=" " tag="700"><subfield code="a">Angel, Hélène</subfield><subfield code="0">(IDREF)154946524</subfield><subfield code="4">drt</subfield></datafield><datafield ind1="1" ind2=" " tag="700"><subfield code="a">Miller, Philippe</subfield><subfield code="0">(IDREF)070710031</subfield><subfield code="4">cmp</subfield></datafield><datafield ind1="1" ind2=" " tag="700"><subfield code="a">Coridian, Yann</subfield><subfield code="d">1972-</subfield><subfield code="0">(IDREF)140057714</subfield><subfield code="4">aut</subfield></datafield></record>
</metadata></record>