<record><header><identifier>oai:alma.41SLSP_UGE:991000034509705502</identifier><datestamp>2024-06-14T00:10:53Z</datestamp><setSpec>uge_bcen_RapidILL_BOOK</setSpec><setSpec>uge_aaca_RapidILL_BOOK</setSpec><setSpec>uge_abels_RapidILL_BOOK</setSpec><setSpec>uge_dbu_RapidILL_BOOK</setSpec><setSpec>uge_cmu_RapidILL_BOOK</setSpec><setSpec>uge_mail_RapidILL_BOOK</setSpec><setSpec>uge_abbat_RapidILL_BOOK</setSpec><setSpec>UNIGE_ALL</setSpec><setSpec>uge_acar_RapidILL_BOOK</setSpec><setSpec>uge_aobs_RapidILL_BOOK</setSpec></header><metadata>
<record xmlns="http://www.loc.gov/MARC21/slim" xmlns:xsi="http://www.w3.org/2001/XMLSchema-instance" xsi:schemaLocation="http://www.loc.gov/MARC21/slim http://www.loc.gov/standards/marcxml/schema/MARC21slim.xsd"><leader>01011nam a2200253 c 4500</leader><controlfield tag="001">991000034509705502</controlfield><controlfield tag="005">20201222224220.0</controlfield><controlfield tag="008">891122s1986    gw ||||| |||| 00| ||eng d</controlfield><datafield ind1=" " ind2=" " tag="035"><subfield code="a">(swissbib)08423508X-41slsp_network</subfield></datafield><datafield ind1=" " ind2=" " tag="035"><subfield code="a">08423508X</subfield><subfield code="9">ExL</subfield></datafield><datafield ind1=" " ind2=" " tag="035"><subfield code="a">(RERO)1179702-41slsp</subfield></datafield><datafield ind1=" " ind2=" " tag="035"><subfield code="a">(EXLNZ-41SLSP_NETWORK)991067397389705501</subfield></datafield><datafield ind1=" " ind2=" " tag="040"><subfield code="a">RERO geulan</subfield><subfield code="d">CH-ZuSLS</subfield></datafield><datafield ind1=" " ind2="7" tag="072"><subfield code="a">lg</subfield><subfield code="2">rero</subfield></datafield><datafield ind1="1" ind2=" " tag="100"><subfield code="a">Sbisà, Marina</subfield><subfield code="d">1948-....</subfield><subfield code="0">(IDREF)028501780</subfield><subfield code="4">cre</subfield></datafield><datafield ind1="1" ind2="0" tag="245"><subfield code="a">Indicative mood, illocutionary force, and truth</subfield><subfield code="b">some points for a discussion</subfield><subfield code="c">Marina Sbisà</subfield></datafield><datafield ind1=" " ind2="1" tag="264"><subfield code="a">Duisburg</subfield><subfield code="b">Linguistic Agency University of Duisburg</subfield><subfield code="c">1986</subfield></datafield><datafield ind1=" " ind2=" " tag="300"><subfield code="a">6 p.</subfield><subfield code="c">21 cm</subfield></datafield><datafield ind1=" " ind2=" " tag="336"><subfield code="b">txt</subfield><subfield code="2">rdacontent</subfield></datafield><datafield ind1=" " ind2=" " tag="337"><subfield code="b">n</subfield><subfield code="2">rdamedia</subfield></datafield><datafield ind1=" " ind2=" " tag="338"><subfield code="b">nc</subfield><subfield code="2">rdacarrier</subfield></datafield><datafield ind1="1" ind2=" " tag="490"><subfield code="a">Paper / Linguistic Agency University of Duisburg. Series A</subfield><subfield code="v">no. 193</subfield></datafield><datafield ind1=" " ind2=" " tag="500"><subfield code="a">Texte d'une communication présentée lors de l'&quot;International pragmatics conference&quot;, Antwerp, 1987</subfield></datafield><datafield ind1=" " ind2=" " tag="830"><subfield code="a">Paper / Linguistic Agency University of Duisburg</subfield><subfield code="p">Series A</subfield><subfield code="v">193</subfield><subfield code="w">(RERO)0693860-41slsp</subfield></datafield><datafield ind1=" " ind2=" " tag="900"><subfield code="a">REROnoselfmerge</subfield></datafield></record>
</metadata></record>