<record><header><identifier>oai:alma.41SLSP_UGE:991000033989705502</identifier><datestamp>2023-04-10T00:16:18Z</datestamp><setSpec>uge_bcen_RapidILL_BOOK</setSpec><setSpec>uge_aaca_RapidILL_BOOK</setSpec><setSpec>uge_abels_RapidILL_BOOK</setSpec><setSpec>uge_dbu_RapidILL_BOOK</setSpec><setSpec>uge_cmu_RapidILL_BOOK</setSpec><setSpec>uge_mail_RapidILL_BOOK</setSpec><setSpec>uge_abbat_RapidILL_BOOK</setSpec><setSpec>UNIGE_ALL</setSpec><setSpec>uge_aobs_RapidILL_BOOK</setSpec><setSpec>uge_acar_RapidILL_BOOK</setSpec></header><metadata>
<record xmlns="http://www.loc.gov/MARC21/slim" xmlns:xsi="http://www.w3.org/2001/XMLSchema-instance" xsi:schemaLocation="http://www.loc.gov/MARC21/slim http://www.loc.gov/standards/marcxml/schema/MARC21slim.xsd"><leader>04067nam a2200961 c 4500</leader><controlfield tag="001">991000033989705502</controlfield><controlfield tag="005">20230227203128.0</controlfield><controlfield tag="008">201012s1990    xxu||||| |||| 00| ||eng d</controlfield><datafield ind1=" " ind2=" " tag="010"><subfield code="a">89019855</subfield></datafield><datafield ind1=" " ind2=" " tag="019"><subfield code="a">Turner, R. Kerry (1948-) / Rejnek, 1990.09.17</subfield></datafield><datafield ind1=" " ind2=" " tag="020"><subfield code="a">0745002021</subfield></datafield><datafield ind1=" " ind2=" " tag="020"><subfield code="a">0745002250</subfield><subfield code="q">pbk.</subfield></datafield><datafield ind1=" " ind2=" " tag="020"><subfield code="a">0801839866</subfield><subfield code="q">hbk.</subfield></datafield><datafield ind1=" " ind2=" " tag="020"><subfield code="a">0801839874</subfield><subfield code="q">brosch.</subfield></datafield><datafield ind1=" " ind2=" " tag="035"><subfield code="a">(swissbib)24218636X-41slsp_network</subfield></datafield><datafield ind1=" " ind2=" " tag="035"><subfield code="a">24218636X</subfield><subfield code="9">ExL</subfield></datafield><datafield ind1=" " ind2=" " tag="035"><subfield code="a">(RERO)1236221-41slsp</subfield></datafield><datafield ind1=" " ind2=" " tag="035"><subfield code="a">(IDSBB)000908447DSV01</subfield></datafield><datafield ind1=" " ind2=" " tag="035"><subfield code="a">(NEBIS)001616394EBI01</subfield></datafield><datafield ind1=" " ind2=" " tag="035"><subfield code="a">(NEBIS)000645353EBI01</subfield></datafield><datafield ind1=" " ind2=" " tag="035"><subfield code="a">(IDSSG)000025196HSB01</subfield></datafield><datafield ind1=" " ind2=" " tag="035"><subfield code="a">(EXLNZ-41SLSP_NETWORK)991076057059705501</subfield></datafield><datafield ind1=" " ind2=" " tag="040"><subfield code="a">RERO labcud</subfield><subfield code="d">CH-ZuSLS</subfield></datafield><datafield ind1=" " ind2="7" tag="072"><subfield code="a">ur</subfield><subfield code="2">rero</subfield></datafield><datafield ind1=" " ind2="7" tag="072"><subfield code="a">se</subfield><subfield code="2">rero</subfield></datafield><datafield ind1=" " ind2="7" tag="072"><subfield code="a">wi</subfield><subfield code="2">SzZuIDS BS/BE</subfield></datafield><datafield ind1=" " ind2="7" tag="072"><subfield code="a">uw</subfield><subfield code="2">SzZuIDS BS/BE</subfield></datafield><datafield ind1="0" ind2="0" tag="082"><subfield code="a">333.7</subfield><subfield code="2">20</subfield></datafield><datafield ind1="0" ind2="4" tag="082"><subfield code="a">330</subfield></datafield><datafield ind1="1" ind2="4" tag="082"><subfield code="a">333.7</subfield></datafield><datafield ind1=" " ind2=" " tag="084"><subfield code="a">AR 28300</subfield><subfield code="2">rvk</subfield></datafield><datafield ind1=" " ind2=" " tag="084"><subfield code="a">QT 200</subfield><subfield code="2">rvk</subfield></datafield><datafield ind1="1" ind2=" " tag="100"><subfield code="a">Pearce, David William</subfield><subfield code="c">professeur d'économie</subfield><subfield code="d">1941-....</subfield><subfield code="0">(IDREF)031475388</subfield><subfield code="4">cre</subfield></datafield><datafield ind1="1" ind2="0" tag="245"><subfield code="a">Economics of natural resources and the environment</subfield><subfield code="c">David W. Pearce and R. Kerry Turner</subfield></datafield><datafield ind1=" " ind2="1" tag="264"><subfield code="a">New York [etc.]</subfield><subfield code="b">Harvester Wheatsheaf</subfield><subfield code="c">1990</subfield></datafield><datafield ind1=" " ind2=" " tag="300"><subfield code="a">XIII, 378 p.</subfield><subfield code="b">ill.</subfield><subfield code="c">24 cm</subfield></datafield><datafield ind1=" " ind2=" " tag="336"><subfield code="b">txt</subfield><subfield code="2">rdacontent</subfield></datafield><datafield ind1=" " ind2=" " tag="337"><subfield code="b">n</subfield><subfield code="2">rdamedia</subfield></datafield><datafield ind1=" " ind2=" " tag="338"><subfield code="b">nc</subfield><subfield code="2">rdacarrier</subfield></datafield><datafield ind1=" " ind2=" " tag="500"><subfield code="a">4. u. 5. Ex. erschienen bei The Johns Hopkins University Press, Baltimore</subfield></datafield><datafield ind1=" " ind2=" " tag="504"><subfield code="a">Bibliogr.: p. [361]-373. Index</subfield></datafield><datafield ind1=" " ind2=" " tag="504"><subfield code="a">Literaturverz.: S. 361-373</subfield></datafield><datafield ind1=" " ind2="0" tag="650"><subfield code="a">Environment</subfield><subfield code="x">Economic aspects</subfield></datafield><datafield ind1=" " ind2="7" tag="650"><subfield code="a">Environnement</subfield><subfield code="0">(IDREF)027772616</subfield><subfield code="2">idref</subfield></datafield><datafield ind1=" " ind2="7" tag="650"><subfield code="a">Ressources naturelles</subfield><subfield code="0">(IDREF)027683192</subfield><subfield code="2">idref</subfield></datafield><datafield ind1=" " ind2="7" tag="650"><subfield code="a">Économie politique</subfield><subfield code="0">(IDREF)027790479</subfield><subfield code="2">idref</subfield></datafield><datafield ind1=" " ind2="7" tag="650"><subfield code="a">Umweltökonomie</subfield><subfield code="v">0 Gesamtdarstellung</subfield><subfield code="2">idsbb</subfield></datafield><datafield ind1=" " ind2="7" tag="650"><subfield code="a">Wirtschaft</subfield><subfield code="0">(DE-588)4066399-1</subfield><subfield code="2">gnd</subfield></datafield><datafield ind1=" " ind2="7" tag="650"><subfield code="a">Umweltschutz</subfield><subfield code="0">(DE-588)4061644-7</subfield><subfield code="2">gnd</subfield></datafield><datafield ind1=" " ind2="7" tag="650"><subfield code="a">Umweltverschmutzung</subfield><subfield code="0">(DE-588)4186812-2</subfield><subfield code="2">gnd</subfield></datafield><datafield ind1=" " ind2="7" tag="650"><subfield code="a">ÖKOSTEUERN + UMWELTSTEUERN</subfield><subfield code="9">ger</subfield><subfield code="0">(ETHUDK)000042908</subfield><subfield code="2">ethudk</subfield></datafield><datafield ind1=" " ind2="7" tag="650"><subfield code="a">ANALYSE, KONTROLLE, SCHUTZMASSNAHMEN BEI UMWELTVERUNREINIGUNG</subfield><subfield code="9">ger</subfield><subfield code="0">(ETHUDK)000047058</subfield><subfield code="2">ethudk</subfield></datafield><datafield ind1=" " ind2="7" tag="650"><subfield code="a">ERNEUERBARE RESSOURCEN</subfield><subfield code="9">ger</subfield><subfield code="0">(ETHUDK)000010351</subfield><subfield code="2">ethudk</subfield></datafield><datafield ind1=" " ind2="7" tag="650"><subfield code="a">LEHRBÜCHER (DOKUMENTENTYP)</subfield><subfield code="9">ger</subfield><subfield code="0">(ETHUDK)000000099</subfield><subfield code="2">ethudk</subfield></datafield><datafield ind1=" " ind2="7" tag="650"><subfield code="a">MARKTWIRTSCHAFTLICHE WIRTSCHAFTSLENKUNG</subfield><subfield code="9">ger</subfield><subfield code="0">(ETHUDK)000010753</subfield><subfield code="2">ethudk</subfield></datafield><datafield ind1=" " ind2="7" tag="650"><subfield code="a">NACHHALTIGE WIRTSCHAFT</subfield><subfield code="9">ger</subfield><subfield code="0">(ETHUDK)000048673</subfield><subfield code="2">ethudk</subfield></datafield><datafield ind1=" " ind2="7" tag="650"><subfield code="a">RAUBBAU UND MISSWIRTSCHAFT AN NATÜRLICHEN RESSOURCEN (UMWELTSCHUTZ)</subfield><subfield code="9">ger</subfield><subfield code="0">(ETHUDK)000012408</subfield><subfield code="2">ethudk</subfield></datafield><datafield ind1=" " ind2="7" tag="650"><subfield code="a">UMWELTÖKONOMIE + ÖKOLOGISCHE WIRTSCHAFT</subfield><subfield code="9">ger</subfield><subfield code="0">(ETHUDK)000010314</subfield><subfield code="2">ethudk</subfield></datafield><datafield ind1=" " ind2="0" tag="650"><subfield code="a">Human ecology</subfield></datafield><datafield ind1=" " ind2="0" tag="650"><subfield code="a">Natural resources</subfield></datafield><datafield ind1=" " ind2="0" tag="650"><subfield code="a">Natuurlike hulpbronne</subfield></datafield><datafield ind1=" " ind2="0" tag="650"><subfield code="a">Omgewingsbeleid</subfield></datafield><datafield ind1=" " ind2="0" tag="650"><subfield code="a">Pollution</subfield><subfield code="x">Economic aspects</subfield></datafield><datafield ind1=" " ind2="7" tag="650"><subfield code="a">ABFALLBESEITIGUNGSGEBÜHREN</subfield><subfield code="9">ger</subfield><subfield code="0">(ETHUDK)000046723</subfield><subfield code="2">ethudk</subfield></datafield><datafield ind1=" " ind2="7" tag="650"><subfield code="a">Natürliche Ressourcen</subfield><subfield code="2">idszbz</subfield></datafield><datafield ind1=" " ind2="7" tag="650"><subfield code="a">Umweltpolitik</subfield><subfield code="2">idszbz</subfield></datafield><datafield ind1=" " ind2="7" tag="650"><subfield code="a">Wirtschaft</subfield><subfield code="2">idszbz</subfield></datafield><datafield ind1=" " ind2="7" tag="650"><subfield code="a">Rohstoffwirtschaft</subfield><subfield code="0">(DE-588)4050434-7</subfield><subfield code="2">gnd</subfield></datafield><datafield ind1=" " ind2="7" tag="650"><subfield code="a">Umweltpolitik</subfield><subfield code="0">(DE-588)4078523-3</subfield><subfield code="2">gnd</subfield></datafield><datafield ind1=" " ind2="0" tag="650"><subfield code="a">Besoedeling</subfield><subfield code="x">Ekonomiese aspekte</subfield></datafield><datafield ind1=" " ind2="0" tag="650"><subfield code="a">Environmental policy</subfield></datafield><datafield ind1=" " ind2="7" tag="650"><subfield code="a">Umweltökonomie</subfield><subfield code="0">(DE-588)4061638-1</subfield><subfield code="2">gnd</subfield></datafield><datafield ind1=" " ind2="7" tag="650"><subfield code="a">Natürliche Ressourcen</subfield><subfield code="0">(DE-588)4075236-7</subfield><subfield code="2">gnd</subfield></datafield><datafield ind1=" " ind2=" " tag="690"><subfield code="a">164</subfield><subfield code="d">Ressourcenökonomie, Rohstoffreserven, Rohstoffmärkte, Rohstoffpreise</subfield><subfield code="2">uzb-UJ</subfield></datafield><datafield ind1=" " ind2=" " tag="690"><subfield code="a">720a</subfield><subfield code="d">Umweltökonomie (volkswirtschaftlich)</subfield><subfield code="2">uzb-UJ</subfield></datafield><datafield ind1="1" ind2=" " tag="700"><subfield code="a">Pearce, David W.</subfield><subfield code="d">1941-2005</subfield><subfield code="0">(DE-588)124508308</subfield></datafield><datafield ind1="1" ind2=" " tag="700"><subfield code="a">Pearce, David W.</subfield><subfield code="d">1941-2005</subfield><subfield code="0">(DE-588)124508308</subfield></datafield><datafield ind1="1" ind2=" " tag="700"><subfield code="a">Pearce, David W.</subfield></datafield><datafield ind1="1" ind2=" " tag="700"><subfield code="a">Turner, R. Kerry</subfield><subfield code="0">(RERO)A003915590</subfield></datafield><datafield ind1="4" ind2=" " tag="856"><subfield code="3">Inhaltsverzeichnis</subfield><subfield code="u">https://toc.library.ethz.ch/objects/pdf_uzh50/4/978-0-7450-0202-6_005658000.pdf</subfield><subfield code="q">pdf</subfield></datafield><datafield ind1=" " ind2=" " tag="900"><subfield code="a">REROnoselfmerge</subfield></datafield><datafield ind1=" " ind2=" " tag="900"><subfield code="a">IDSBBnoselfmerge</subfield></datafield><datafield ind1=" " ind2=" " tag="900"><subfield code="a">IDSELThalmann, Philippe</subfield><subfield code="c">IDSEL2004</subfield></datafield><datafield ind1=" " ind2=" " tag="949"><subfield code="a">https://toc.library.ethz.ch/objects/pdf_uzh50/4/978-0-7450-0202-6_005658000.pdf</subfield></datafield></record>
</metadata></record>