<record><header><identifier>oai:alma.41SLSP_UGE:991000034719705502</identifier><datestamp>2024-10-05T00:11:57Z</datestamp><setSpec>uge_bcen_RapidILL_BOOK</setSpec><setSpec>uge_aaca_RapidILL_BOOK</setSpec><setSpec>uge_abels_RapidILL_BOOK</setSpec><setSpec>uge_dbu_RapidILL_BOOK</setSpec><setSpec>uge_cmu_RapidILL_BOOK</setSpec><setSpec>uge_mail_RapidILL_BOOK</setSpec><setSpec>uge_abbat_RapidILL_BOOK</setSpec><setSpec>UNIGE_ALL</setSpec><setSpec>uge_acar_RapidILL_BOOK</setSpec><setSpec>uge_aobs_RapidILL_BOOK</setSpec></header><metadata>
<record xmlns="http://www.loc.gov/MARC21/slim" xmlns:xsi="http://www.w3.org/2001/XMLSchema-instance" xsi:schemaLocation="http://www.loc.gov/MARC21/slim http://www.loc.gov/standards/marcxml/schema/MARC21slim.xsd"><leader>01283nam a2200361uc 4500</leader><controlfield tag="001">991000034719705502</controlfield><controlfield tag="005">20241004182631.0</controlfield><controlfield tag="008">201012s1971    gw            00| | ger d</controlfield><datafield ind1=" " ind2=" " tag="020"><subfield code="a">3406009336</subfield></datafield><datafield ind1=" " ind2=" " tag="035"><subfield code="a">(swissbib)236383418-41slsp_network</subfield></datafield><datafield ind1=" " ind2=" " tag="035"><subfield code="a">236383418</subfield><subfield code="9">ExL</subfield></datafield><datafield ind1=" " ind2=" " tag="035"><subfield code="a">(IDSBB)000461574DSV01</subfield></datafield><datafield ind1=" " ind2=" " tag="035"><subfield code="a">(RERO)1806076-41slsp</subfield></datafield><datafield ind1=" " ind2=" " tag="035"><subfield code="a">(EXLNZ-41SLSP_NETWORK)991030220909705501</subfield></datafield><datafield ind1=" " ind2=" " tag="040"><subfield code="a">SzZuIDS BS/BE A100</subfield><subfield code="b">ger</subfield><subfield code="e">kids</subfield><subfield code="d">CH-ZuSLS</subfield></datafield><datafield ind1=" " ind2="7" tag="072"><subfield code="a">ar</subfield><subfield code="2">SzZuIDS BS/BE</subfield></datafield><datafield ind1=" " ind2="7" tag="072"><subfield code="a">kh</subfield><subfield code="2">SzZuIDS BS/BE</subfield></datafield><datafield ind1=" " ind2="7" tag="072"><subfield code="a">ar</subfield><subfield code="2">rero</subfield></datafield><datafield ind1="1" ind2=" " tag="080"><subfield code="a">904:738</subfield></datafield><datafield ind1="1" ind2="4" tag="082"><subfield code="a">930</subfield><subfield code="2">15</subfield></datafield><datafield ind1="0" ind2="0" tag="245"><subfield code="a">Berlin, [4]: Antiquarium</subfield><subfield code="c">Norbert Kunisch</subfield></datafield><datafield ind1=" " ind2="1" tag="264"><subfield code="a">München</subfield><subfield code="c">1971</subfield></datafield><datafield ind1=" " ind2=" " tag="300"><subfield code="a">85 p.</subfield><subfield code="b">Ill.</subfield><subfield code="c">33 cm.</subfield><subfield code="e">56 pl. dans un emboîtage</subfield></datafield><datafield ind1=" " ind2=" " tag="336"><subfield code="b">txt</subfield><subfield code="2">rdacontent</subfield></datafield><datafield ind1=" " ind2=" " tag="337"><subfield code="b">n</subfield><subfield code="2">rdamedia</subfield></datafield><datafield ind1=" " ind2=" " tag="338"><subfield code="b">nc</subfield><subfield code="2">rdacarrier</subfield></datafield><datafield ind1="1" ind2=" " tag="490"><subfield code="a">Corpus vasorum antiquorum. Deutschland</subfield><subfield code="v">Fasz. 33</subfield></datafield><datafield ind1="1" ind2=" " tag="700"><subfield code="a">Kunisch, Norbert</subfield><subfield code="d">1934-2018</subfield><subfield code="0">(DE-588)107140721</subfield><subfield code="6">880-02</subfield></datafield><datafield ind1="1" ind2=" " tag="880"><subfield code="a">Kunisch, Norbert</subfield><subfield code="0">(RERO)A003479780</subfield><subfield code="6">700-02</subfield></datafield><datafield ind1="2" ind2=" " tag="710"><subfield code="a">Antikenmuseum (Berlin, West)</subfield><subfield code="0">(RERO)A000184109</subfield></datafield><datafield ind1=" " ind2=" " tag="830"><subfield code="a">Berlin, Antiquarium</subfield><subfield code="v">4</subfield><subfield code="w">(RERO)1805983-41slsp</subfield></datafield><datafield ind1=" " ind2=" " tag="830"><subfield code="a">Corpus vasorum antiquorum</subfield><subfield code="p">Deutschland</subfield><subfield code="v">33</subfield><subfield code="w">(IDSBB)000023566DSV01</subfield></datafield><datafield ind1=" " ind2=" " tag="830"><subfield code="a">Corpus vasorum antiquorum</subfield><subfield code="p">Deutschland</subfield><subfield code="v">33</subfield><subfield code="w">(RERO)0029436-41slsp</subfield></datafield><datafield ind1=" " ind2=" " tag="900"><subfield code="a">REROnoselfmerge</subfield></datafield></record>
</metadata></record>