<record><header><identifier>oai:alma.41SLSP_UGE:991000033979705502</identifier><datestamp>2023-03-27T00:22:43Z</datestamp><setSpec>uge_bcen_RapidILL_BOOK</setSpec><setSpec>uge_aaca_RapidILL_BOOK</setSpec><setSpec>uge_abels_RapidILL_BOOK</setSpec><setSpec>uge_dbu_RapidILL_BOOK</setSpec><setSpec>uge_cmu_RapidILL_BOOK</setSpec><setSpec>uge_mail_RapidILL_BOOK</setSpec><setSpec>uge_abbat_RapidILL_BOOK</setSpec><setSpec>UNIGE_ALL</setSpec><setSpec>uge_acar_RapidILL_BOOK</setSpec><setSpec>uge_aobs_RapidILL_BOOK</setSpec></header><metadata>
<record xmlns="http://www.loc.gov/MARC21/slim" xmlns:xsi="http://www.w3.org/2001/XMLSchema-instance" xsi:schemaLocation="http://www.loc.gov/MARC21/slim http://www.loc.gov/standards/marcxml/schema/MARC21slim.xsd"><leader>02382nam a2200361 c 4500</leader><controlfield tag="001">991000033979705502</controlfield><controlfield tag="005">20230325154415.0</controlfield><controlfield tag="008">110522s2009    gw ||||| |||| 00| ||fre d</controlfield><datafield ind1=" " ind2=" " tag="020"><subfield code="a">9789282020890</subfield></datafield><datafield ind1=" " ind2=" " tag="035"><subfield code="a">(swissbib)114306052-41slsp_network</subfield></datafield><datafield ind1=" " ind2=" " tag="035"><subfield code="a">114306052</subfield><subfield code="9">ExL</subfield></datafield><datafield ind1=" " ind2=" " tag="035"><subfield code="a">(RERO)R006168203-41slsp</subfield></datafield><datafield ind1=" " ind2=" " tag="035"><subfield code="a">(EXLNZ-41SLSP_NETWORK)991014271019705501</subfield></datafield><datafield ind1=" " ind2=" " tag="040"><subfield code="a">RERO njhep-</subfield><subfield code="d">CH-ZuSLS</subfield></datafield><datafield ind1=" " ind2="7" tag="072"><subfield code="a">pe</subfield><subfield code="2">rero</subfield></datafield><datafield ind1="1" ind2=" " tag="100"><subfield code="a">Bhola, Harbans S.</subfield><subfield code="d">1932-....</subfield><subfield code="0">(IDREF)028783700</subfield><subfield code="4">cre</subfield></datafield><datafield ind1="1" ind2="0" tag="245"><subfield code="a">Jalons pour une alphabétisation au service du développement durable</subfield><subfield code="b">études complémentaires</subfield><subfield code="c">par Harbans S. Bhola et Sofia Valdivielso Gómez ; [trad. de l'anglais par Catherine Nallet-Lugaz]</subfield></datafield><datafield ind1=" " ind2="1" tag="264"><subfield code="a">Hambourg</subfield><subfield code="b">Institut de l'UNESCO pour l'apprentissage tout au long de la vie</subfield><subfield code="c">2009</subfield></datafield><datafield ind1=" " ind2=" " tag="300"><subfield code="a">175 p.</subfield><subfield code="b">ill.</subfield></datafield><datafield ind1=" " ind2=" " tag="336"><subfield code="b">txt</subfield><subfield code="2">rdacontent</subfield></datafield><datafield ind1=" " ind2=" " tag="337"><subfield code="b">n</subfield><subfield code="2">rdamedia</subfield></datafield><datafield ind1=" " ind2=" " tag="338"><subfield code="b">nc</subfield><subfield code="2">rdacarrier</subfield></datafield><datafield ind1="0" ind2=" " tag="490"><subfield code="a">Etudes de l'UIL</subfield></datafield><datafield ind1=" " ind2=" " tag="504"><subfield code="a">Bibliogr.</subfield></datafield><datafield ind1="0" ind2=" " tag="505"><subfield code="a">Alphabétisation des adultes pour le développement durable / Harbans S. Bhola</subfield></datafield><datafield ind1="0" ind2=" " tag="505"><subfield code="a">Bagages pour un voyage : de l'alphabétisation fonctionnelle à l'alphabétisation intégrale, du développement au développement durable / Sofía Valdivielso Gómez</subfield></datafield><datafield ind1="8" ind2=" " tag="520"><subfield code="a">Cet ouvrage rassemble deux études complémentaires de Harbans S. Bhola et Sofía Valdivielso Gómez, co-lauréats de la sixième édition du prix international de recherche en alphabétisation de l'Institut de l'UNESCO pour l'apprentissage tout au long de la vie à Hambourg. Le texte du professeur Bhola étudie de manière systématique les combinaisons possibles entre dynamique de l'alphabétisation des adultes et promotion du développement durable. Le docteur Valdivielso Gómez plaide quant à elle pour une approche intégrale de l'alphabétisation et du développement durable, nourrie par les travaux du philosophe Ken Wilber. Ces deux études posent de précieux jalons pour les chercheurs, les décideurs et les praticiens sur le terrain</subfield><subfield code="5">RERO/njhep-/09.2011</subfield></datafield><datafield ind1=" " ind2="7" tag="650"><subfield code="a">Alphabétisation</subfield><subfield code="0">(IDREF)027218902</subfield><subfield code="2">idref</subfield></datafield><datafield ind1=" " ind2="7" tag="650"><subfield code="a">Développement durable</subfield><subfield code="0">(IDREF)031514669</subfield><subfield code="2">idref</subfield></datafield><datafield ind1=" " ind2="7" tag="650"><subfield code="a">Éducation</subfield><subfield code="0">(IDREF)027555100</subfield><subfield code="2">idref</subfield></datafield><datafield ind1=" " ind2="7" tag="650"><subfield code="a">Adultes</subfield><subfield code="0">(IDREF)027820475</subfield><subfield code="2">idref</subfield></datafield><datafield ind1=" " ind2="7" tag="655"><subfield code="a">[Études diverses]</subfield><subfield code="0">(RERO)A022249905</subfield><subfield code="2">rero</subfield></datafield><datafield ind1="1" ind2=" " tag="700"><subfield code="a">Nallet-Lugaz, Catherine</subfield><subfield code="0">(RERO)A019121948</subfield></datafield><datafield ind1="1" ind2=" " tag="700"><subfield code="a">Valdivielso, Sofía</subfield><subfield code="0">(IDREF)128895314</subfield></datafield></record>
</metadata></record>