<record><header><identifier>oai:alma.41SLSP_UGE:991000034419705502</identifier><datestamp>2023-03-01T01:08:49Z</datestamp><setSpec>uge_bcen_RapidILL_BOOK</setSpec><setSpec>uge_aaca_RapidILL_BOOK</setSpec><setSpec>uge_abels_RapidILL_BOOK</setSpec><setSpec>uge_dbu_RapidILL_BOOK</setSpec><setSpec>uge_cmu_RapidILL_BOOK</setSpec><setSpec>uge_mail_RapidILL_BOOK</setSpec><setSpec>UNIGE_ALL</setSpec><setSpec>uge_abbat_RapidILL_BOOK</setSpec><setSpec>uge_acar_RapidILL_BOOK</setSpec><setSpec>uge_aobs_RapidILL_BOOK</setSpec></header><metadata>
<record xmlns="http://www.loc.gov/MARC21/slim" xmlns:xsi="http://www.w3.org/2001/XMLSchema-instance" xsi:schemaLocation="http://www.loc.gov/MARC21/slim http://www.loc.gov/standards/marcxml/schema/MARC21slim.xsd"><leader>00938nam a2200289 c 4500</leader><controlfield tag="001">991000034419705502</controlfield><controlfield tag="005">20230217222313.0</controlfield><controlfield tag="008">960525s1969    gw ||||| |||| 00| ||ger d</controlfield><datafield ind1=" " ind2=" " tag="035"><subfield code="a">(swissbib)076488233-41slsp_network</subfield></datafield><datafield ind1=" " ind2=" " tag="035"><subfield code="a">076488233</subfield><subfield code="9">ExL</subfield></datafield><datafield ind1=" " ind2=" " tag="035"><subfield code="a">(RERO)0013002-41slsp</subfield></datafield><datafield ind1=" " ind2=" " tag="035"><subfield code="a">(EXLNZ-41SLSP_NETWORK)991003096829705501</subfield></datafield><datafield ind1=" " ind2=" " tag="040"><subfield code="a">RERO</subfield><subfield code="d">CH-ZuSLS</subfield></datafield><datafield ind1=" " ind2="7" tag="072"><subfield code="a">al</subfield><subfield code="2">rero</subfield></datafield><datafield ind1="0" ind2="0" tag="245"><subfield code="a">Alfred Kantorowicz</subfield><subfield code="c">Eingeleitet von Jürgen Rühle</subfield></datafield><datafield ind1="1" ind2=" " tag="246"><subfield code="a">Kantorowicz</subfield></datafield><datafield ind1=" " ind2="1" tag="264"><subfield code="a">Hamburg</subfield><subfield code="b">H. Christians Verlag</subfield><subfield code="c">[1969]</subfield></datafield><datafield ind1=" " ind2="4" tag="264"><subfield code="c">© 1969</subfield></datafield><datafield ind1=" " ind2=" " tag="300"><subfield code="a">63 p.</subfield><subfield code="b">portr.</subfield><subfield code="c">21 cm</subfield></datafield><datafield ind1=" " ind2=" " tag="336"><subfield code="b">txt</subfield><subfield code="2">rdacontent</subfield></datafield><datafield ind1=" " ind2=" " tag="337"><subfield code="b">n</subfield><subfield code="2">rdamedia</subfield></datafield><datafield ind1=" " ind2=" " tag="338"><subfield code="b">nc</subfield><subfield code="2">rdacarrier</subfield></datafield><datafield ind1="1" ind2=" " tag="490"><subfield code="a">Hamburger Bibliographien</subfield><subfield code="v">3</subfield></datafield><datafield ind1="1" ind2="7" tag="600"><subfield code="a">Kantorowicz, Alfred</subfield><subfield code="0">(RERO)A010102571</subfield><subfield code="2">rero</subfield></datafield><datafield ind1=" " ind2="7" tag="655"><subfield code="a">Bibliographie</subfield><subfield code="0">(IDREF)027229386</subfield><subfield code="2">idref</subfield></datafield><datafield ind1="1" ind2=" " tag="700"><subfield code="a">Rühle, Jürgen</subfield><subfield code="d">1924-....</subfield><subfield code="0">(IDREF)060380608</subfield></datafield><datafield ind1=" " ind2="0" tag="830"><subfield code="a">Hamburger Bibliographien</subfield><subfield code="v">3</subfield></datafield><datafield ind1=" " ind2=" " tag="900"><subfield code="a">REROnoselfmerge</subfield></datafield></record>
</metadata></record>