<record><header><identifier>oai:alma.41SLSP_UGE:991000034519705502</identifier><datestamp>2023-06-20T00:18:51Z</datestamp><setSpec>uge_bcen_RapidILL_BOOK</setSpec><setSpec>uge_aaca_RapidILL_BOOK</setSpec><setSpec>uge_abels_RapidILL_BOOK</setSpec><setSpec>uge_dbu_RapidILL_BOOK</setSpec><setSpec>uge_cmu_RapidILL_BOOK</setSpec><setSpec>uge_mail_RapidILL_BOOK</setSpec><setSpec>uge_abbat_RapidILL_BOOK</setSpec><setSpec>UNIGE_ALL</setSpec><setSpec>uge_aobs_RapidILL_BOOK</setSpec><setSpec>uge_acar_RapidILL_BOOK</setSpec></header><metadata>
<record xmlns="http://www.loc.gov/MARC21/slim" xmlns:xsi="http://www.w3.org/2001/XMLSchema-instance" xsi:schemaLocation="http://www.loc.gov/MARC21/slim http://www.loc.gov/standards/marcxml/schema/MARC21slim.xsd"><leader>01559nam a2200445uc 4500</leader><controlfield tag="001">991000034519705502</controlfield><controlfield tag="005">20230619200605.0</controlfield><controlfield tag="008">201012t19941994gw     |      00| ||ger|d</controlfield><datafield ind1=" " ind2=" " tag="020"><subfield code="a">9783446170223</subfield></datafield><datafield ind1=" " ind2=" " tag="020"><subfield code="a">3446170227</subfield></datafield><datafield ind1="7" ind2=" " tag="024"><subfield code="a">http://catalogue.bnf.fr/ark:/12148/cb37438891x</subfield><subfield code="2">uri</subfield></datafield><datafield ind1=" " ind2=" " tag="035"><subfield code="a">(swissbib)237061538-41slsp_network</subfield></datafield><datafield ind1=" " ind2=" " tag="035"><subfield code="a">237061538</subfield><subfield code="9">ExL</subfield></datafield><datafield ind1=" " ind2=" " tag="035"><subfield code="a">(NEBIS)001333325EBI01</subfield></datafield><datafield ind1=" " ind2=" " tag="035"><subfield code="a">(RERO)1937448-41slsp</subfield></datafield><datafield ind1=" " ind2=" " tag="035"><subfield code="a">(EXLNZ-41SLSP_NETWORK)991040338519705501</subfield></datafield><datafield ind1=" " ind2=" " tag="040"><subfield code="a">ZBZ</subfield><subfield code="b">ger</subfield><subfield code="e">ETHICS-ISBD</subfield><subfield code="d">CH-ZuSLS</subfield></datafield><datafield ind1=" " ind2="7" tag="072"><subfield code="a">al</subfield><subfield code="2">rero</subfield></datafield><datafield ind1="0" ind2="4" tag="082"><subfield code="a">838.912</subfield><subfield code="2">22</subfield></datafield><datafield ind1="0" ind2="4" tag="082"><subfield code="a">833.912</subfield></datafield><datafield ind1="1" ind2="4" tag="082"><subfield code="a">833.91</subfield><subfield code="2">22</subfield></datafield><datafield ind1="1" ind2=" " tag="100"><subfield code="6">880-01</subfield><subfield code="a">Canetti, Elias</subfield><subfield code="d">1905-1994</subfield><subfield code="0">(IDREF)027377822</subfield><subfield code="4">cre</subfield></datafield><datafield ind1="1" ind2=" " tag="880"><subfield code="a">Canetti, Elias</subfield><subfield code="d">1905-1994</subfield><subfield code="0">(DE-588)118518801</subfield><subfield code="6">100-01</subfield></datafield><datafield ind1="1" ind2="0" tag="245"><subfield code="a">&lt;&lt;Die&gt;&gt; gerettete Zunge</subfield><subfield code="b">Geschichte einer Jugend</subfield><subfield code="c">Elias Canetti</subfield></datafield><datafield ind1=" " ind2="1" tag="264"><subfield code="a">München [etc.]</subfield><subfield code="b">Hanser</subfield><subfield code="c">[1994]</subfield></datafield><datafield ind1=" " ind2="4" tag="264"><subfield code="c">© 1994</subfield></datafield><datafield ind1=" " ind2=" " tag="300"><subfield code="a">332 S.</subfield><subfield code="c">21 cm</subfield></datafield><datafield ind1=" " ind2=" " tag="336"><subfield code="b">txt</subfield><subfield code="2">rdacontent</subfield></datafield><datafield ind1=" " ind2=" " tag="337"><subfield code="b">n</subfield><subfield code="2">rdamedia</subfield></datafield><datafield ind1=" " ind2=" " tag="338"><subfield code="b">nc</subfield><subfield code="2">rdacarrier</subfield></datafield><datafield ind1="1" ind2=" " tag="490"><subfield code="a">Werke / Elias Canetti</subfield></datafield><datafield ind1="1" ind2="7" tag="600"><subfield code="a">Canetti, Elias</subfield><subfield code="2">idszbz</subfield></datafield><datafield ind1="1" ind2="7" tag="600"><subfield code="a">Canetti, Elias</subfield><subfield code="d">1905-1994</subfield><subfield code="0">(DE-588)118518801</subfield><subfield code="2">gnd</subfield></datafield><datafield ind1="1" ind2="0" tag="600"><subfield code="a">Canetti, Elias</subfield><subfield code="d">1905-1994</subfield><subfield code="x">Childhood and youth</subfield></datafield><datafield ind1=" " ind2="7" tag="648"><subfield code="a">Geschichte 1900-1950</subfield><subfield code="2">idszbz</subfield></datafield><datafield ind1=" " ind2="7" tag="648"><subfield code="a">Geschichte 1905-1921</subfield><subfield code="2">idszbz</subfield></datafield><datafield ind1=" " ind2="0" tag="650"><subfield code="a">Authors, Austrian</subfield><subfield code="v">Biography</subfield><subfield code="y">20th century</subfield></datafield><datafield ind1=" " ind2="7" tag="655"><subfield code="a">Autobiographie</subfield><subfield code="2">idszbz</subfield></datafield><datafield ind1="1" ind2=" " tag="800"><subfield code="a">Canetti, Elias</subfield><subfield code="d">1905-1994</subfield><subfield code="t">Werke</subfield><subfield code="v">7</subfield></datafield><datafield ind1="1" ind2=" " tag="800"><subfield code="a">Canetti, Elias</subfield><subfield code="d">1905-1994</subfield><subfield code="t">Werke</subfield><subfield code="w">(NEBIS)000668322EBI01</subfield></datafield><datafield ind1=" " ind2=" " tag="900"><subfield code="d">IDSZ2zbzswk200610b</subfield><subfield code="e">IDSZ2boxm</subfield></datafield></record>
</metadata></record>