<record><header><identifier>oai:alma.41SLSP_UGE:991000034619705502</identifier><datestamp>2023-07-20T00:15:41Z</datestamp><setSpec>uge_bcen_RapidILL_BOOK</setSpec><setSpec>uge_aaca_RapidILL_BOOK</setSpec><setSpec>uge_abels_RapidILL_BOOK</setSpec><setSpec>uge_dbu_RapidILL_BOOK</setSpec><setSpec>uge_cmu_RapidILL_BOOK</setSpec><setSpec>uge_mail_RapidILL_BOOK</setSpec><setSpec>uge_abbat_RapidILL_BOOK</setSpec><setSpec>UNIGE_ALL</setSpec><setSpec>uge_acar_RapidILL_BOOK</setSpec><setSpec>uge_aobs_RapidILL_BOOK</setSpec></header><metadata>
<record xmlns="http://www.loc.gov/MARC21/slim" xmlns:xsi="http://www.w3.org/2001/XMLSchema-instance" xsi:schemaLocation="http://www.loc.gov/MARC21/slim http://www.loc.gov/standards/marcxml/schema/MARC21slim.xsd"><leader>08889nam a2200721 c 4500</leader><controlfield tag="001">991000034619705502</controlfield><controlfield tag="005">20230718170329.0</controlfield><controlfield tag="008">201011s2000    sz ||||| m||| 00| ||ger d</controlfield><datafield ind1=" " ind2=" " tag="019"><subfield code="a">Catal.: décrit l'ex. commercial; l'ex. commercial avec mention de thèse</subfield><subfield code="5">RERO/frbcuc/02.2001/0021</subfield></datafield><datafield ind1=" " ind2=" " tag="020"><subfield code="a">371901925X</subfield></datafield><datafield ind1=" " ind2=" " tag="035"><subfield code="a">(swissbib)230339328-41slsp_network</subfield></datafield><datafield ind1=" " ind2=" " tag="035"><subfield code="a">230339328</subfield><subfield code="9">ExL</subfield></datafield><datafield ind1=" " ind2=" " tag="035"><subfield code="a">(RERO)R003002340-41slsp</subfield></datafield><datafield ind1=" " ind2=" " tag="035"><subfield code="a">(IDSSG)000227628HSB01</subfield></datafield><datafield ind1=" " ind2=" " tag="035"><subfield code="a">(NEBIS)004076985EBI01</subfield></datafield><datafield ind1=" " ind2=" " tag="035"><subfield code="a">(IDSBB)002238352DSV01</subfield></datafield><datafield ind1=" " ind2=" " tag="035"><subfield code="a">(EXLNZ-41SLSP_NETWORK)991146864699705501</subfield></datafield><datafield ind1=" " ind2=" " tag="040"><subfield code="a">RERO neubfd</subfield><subfield code="d">CH-ZuSLS</subfield></datafield><datafield ind1=" " ind2=" " tag="044"><subfield code="a">sz</subfield><subfield code="c">ch-bs</subfield><subfield code="a">sz</subfield><subfield code="c">ch-ge</subfield></datafield><datafield ind1=" " ind2="7" tag="072"><subfield code="a">dr</subfield><subfield code="2">rero</subfield></datafield><datafield ind1=" " ind2="7" tag="072"><subfield code="a">rw</subfield><subfield code="2">SzZuIDS BS/BE</subfield></datafield><datafield ind1="1" ind2="4" tag="082"><subfield code="a">340</subfield><subfield code="2">15</subfield></datafield><datafield ind1=" " ind2=" " tag="084"><subfield code="a">CA/CH 95 h</subfield><subfield code="2">cjurrom</subfield></datafield><datafield ind1=" " ind2=" " tag="084"><subfield code="a">A 95 h</subfield><subfield code="2">cjurrom</subfield></datafield><datafield ind1=" " ind2=" " tag="084"><subfield code="a">CA/CH 98 h</subfield><subfield code="2">cjurrom</subfield></datafield><datafield ind1=" " ind2=" " tag="084"><subfield code="a">PH 6110</subfield><subfield code="2">rvk</subfield></datafield><datafield ind1=" " ind2=" " tag="084"><subfield code="a">PH 6115</subfield><subfield code="2">rvk</subfield></datafield><datafield ind1=" " ind2=" " tag="084"><subfield code="a">PH 827</subfield><subfield code="2">rvk</subfield></datafield><datafield ind1="1" ind2=" " tag="100"><subfield code="a">Mettler, Christoph</subfield><subfield code="d">1969-....</subfield><subfield code="0">(IDREF)261835831</subfield><subfield code="4">cre</subfield></datafield><datafield ind1="1" ind2="0" tag="245"><subfield code="a">Staatsanwaltschaft</subfield><subfield code="b">Position innerhalb der Gewaltentrias, Funktion im Strafprozess und aufsichtsrechtliche Situation sowie ein Vorschlag zur Neuordnung</subfield><subfield code="c">Christoph Mettler</subfield></datafield><datafield ind1=" " ind2="1" tag="264"><subfield code="a">Basel</subfield><subfield code="a">Genf [etc.]</subfield><subfield code="b">Helbing &amp; Lichtenhahn</subfield><subfield code="c">[2000]</subfield></datafield><datafield ind1=" " ind2="4" tag="264"><subfield code="c">© 2000</subfield></datafield><datafield ind1=" " ind2=" " tag="300"><subfield code="a">XXXII, 315 S.</subfield><subfield code="c">23 cm</subfield></datafield><datafield ind1=" " ind2=" " tag="336"><subfield code="b">txt</subfield><subfield code="2">rdacontent</subfield></datafield><datafield ind1=" " ind2=" " tag="337"><subfield code="b">n</subfield><subfield code="2">rdamedia</subfield></datafield><datafield ind1=" " ind2=" " tag="338"><subfield code="b">nc</subfield><subfield code="2">rdacarrier</subfield></datafield><datafield ind1="1" ind2=" " tag="490"><subfield code="a">Grundlegendes Recht</subfield><subfield code="v">1</subfield></datafield><datafield ind1=" " ind2=" " tag="502"><subfield code="a">Diss. Univ. Freiburg (Schweiz), 2000</subfield></datafield><datafield ind1=" " ind2=" " tag="504"><subfield code="a">Bibliogr.</subfield></datafield><datafield ind1=" " ind2="7" tag="650"><subfield code="a">Ministère public</subfield><subfield code="0">(IDREF)027849929</subfield><subfield code="2">idref</subfield></datafield><datafield ind1=" " ind2="7" tag="650"><subfield code="a">Staatsanwaltschaft</subfield><subfield code="2">idszbz</subfield></datafield><datafield ind1=" " ind2="7" tag="650"><subfield code="a">Recht</subfield><subfield code="2">idszbz</subfield></datafield><datafield ind1=" " ind2="0" tag="650"><subfield code="a">Criminal justice, Administration of</subfield><subfield code="z">Switzerland</subfield></datafield><datafield ind1=" " ind2="0" tag="650"><subfield code="a">Prosecution</subfield><subfield code="z">Switzerland</subfield></datafield><datafield ind1=" " ind2="0" tag="650"><subfield code="a">Public prosecutors</subfield><subfield code="z">Switzerland</subfield></datafield><datafield ind1=" " ind2="7" tag="650"><subfield code="a">Staatsanwaltschaft</subfield><subfield code="0">(DE-588)4056634-1</subfield><subfield code="2">gnd</subfield></datafield><datafield ind1=" " ind2="7" tag="650"><subfield code="a">Staatsanwalt</subfield><subfield code="z">Schweiz</subfield><subfield code="2">idsbb</subfield></datafield><datafield ind1=" " ind2="7" tag="650"><subfield code="a">Aufsicht</subfield><subfield code="0">(DE-588)4120944-8</subfield><subfield code="2">gnd</subfield></datafield><datafield ind1=" " ind2="7" tag="651"><subfield code="a">Suisse</subfield><subfield code="0">(IDREF)027249654</subfield><subfield code="2">idref</subfield></datafield><datafield ind1=" " ind2="7" tag="651"><subfield code="a">Schweiz</subfield><subfield code="2">idszbz</subfield></datafield><datafield ind1=" " ind2="7" tag="651"><subfield code="a">Schweiz</subfield><subfield code="0">(DE-588)4053881-3</subfield><subfield code="2">gnd</subfield></datafield><datafield ind1=" " ind2="7" tag="655"><subfield code="a">Hochschulschrift</subfield><subfield code="2">gnd-content</subfield></datafield><datafield ind1=" " ind2=" " tag="690"><subfield code="a">Rechtsprechung; Strafverfahren; Legalitätsprinzip; Erlass; Anklage; Garantie; Erhebung; Qualifikation; Entwicklung; Exekutive; Unabhängigkeit</subfield><subfield code="2">idssg-J</subfield></datafield><datafield ind1=" " ind2=" " tag="690"><subfield code="a">Prozesspartei; Anklagezulassungsverfahren; Einstellungsverfügung; Hauptverhandlung; Mitwirkungsbefugnis; Zwischenergebnis; Beschwerderecht; Hauptverfahren; Waffengleichheit; Zwischenverfahren; Anklagevertretung; Personalunion; Absetzungsbefugnis; Anklagevertreterfunktion; Haftanordnungsanordnung; Neuordnung; Neutralitätsverpflichtung; Rechtsmitteleinlegung; Schlusswürdigung; Strafrechtspflege; Anklageerhebungskompetenz; Anklagegrundsatz; Anklageprinzip; Antragsrecht; Devolutionsrecht; Direktorialbeschluss; Erkenntnisverfahren; Genehmigungsvorbehalt; Gerichtsorganisation; Gewaltenteilungsgrundsatz; Mitwirkungsrecht; Parteistellung; Rechtsmittelverfahren; Strafbefehlserlass; Strafbefehlskompetenz; Teilweisungsrecht; Verfahrenseinstellungskompetenz; Verwaltungshierarchie; Weisungskompetenz; Auesicht; Bindungswirkung; Initiativentscheidung; Letztentscheidung; Missbrauchsverhinderungsregelung; Rechtsanwendung; Rekursinstanz; Untersuchungsbehörde; Abkürzungsverzeichnis; Anklageschrift; Genehmigungsbehörde; Genehmigungsinstanz; Gewaltenteilungsidee; Gewaltentrias; Inhaltsverzeichnis; Inhaltsübersicht; Interessenvertreter; Literaturverzeichnis; Parteibegriff; Schriftlichkeitserfordernis; Verfahrensherrschaft; Altenteilungsproblem; Anklagegegenstand; Anklagesystem; Anklagetätigkeit; Aufsichtsmodell; Aufsichtstätigkeit; Befolgungspflicht; Beschwerdeführerin; Bundesebene; Drehscheibenmodell; Entscheidungsträgerin; Entstehungsgrund; Großinquisitor; Grundzug; Informationspflicht; Kernbestandteil; Kriminalsache; Königsprokurator; Leitungsmodell; Lichtenhahn; Parteimodell; Rechtsgang; Rechtsvergleich; Rechtsverwirklichungsvorgang; Rückgriff; Sachregister; Sonderfall; Staatsorganismus; Strafsache; Untersuchungstätigkeit; Uri-Modell; Verfahrensablauf; Verfahrensabschnitt; Weisungslast</subfield><subfield code="2">idssg-J</subfield></datafield><datafield ind1=" " ind2=" " tag="690"><subfield code="a">autoritative Letztentscheidung; einzelne Lösung; erster Interessenvertreter; rechtliche Sicht; rechtshistorischer Exkurs; alleinige Zuständigkeit; allgemeine Direktive; allgemeiner Tenor; andere Behörde; angefochtene Einstellungsverfügung; anklageerhebende Behörde; aufgebauter Staatsorganismus; aufgeteilte Aufsicht; aufsichtsrechtliche Situation; ausschlaggebendes Kriterium; besondere Beziehung; bewusster Verzicht; bloß Einspracherecht; bloßes Antragsrecht; bloßes Beschwerderecht; distanziertes Handeln; eigentlicher Entstehungsgrund; einfacher Mandatar; einleitende Bemerkung; einzelner Verfahrensabschnitt; erlassener Entscheid; erste Reaktion; fachliche Aufsicht; fakultativ Anklagezulassungs; fehlend Unbeteiligtkeit; fehlende Bindungswirkung; fehlendes Devolutionsrecht; gemeinsame Anklageerhebung; generelle Weisung; genügendes Maß; geprägte Ausdifferenzierung; gerichtliche Behörde; gerichtliches Hauptverfahren; gerichtliche Hauptverhandlung; gerichtliche Vertretung; gesamtschweizerischer Rechtsvergleich; gesetzgeberische Lösung; gleichberechtigte Zuständigkeit; helvetische Verfassung; historischer Kontext; hoheitliche Tätigkeit; höchstrichterliche Rechtsprechung; involvierte Behörde; korrigierendes Eingreifen; kritische Vorabwürdigung; künftige Ausgestaltung; maßgebliche Entscheidungsträgerin; mittelalterlicher Großinquisitor; mittelbare Beeinflussung; neue Gerichtsorganisation; neues Institut; notwendige Voraussetzung; obligatorisches Anklagezulassungsverfahren; personelle Organisation; politische Notwendigkeit; politische Verantwortlichkeit; praktische Bedeutung; provisorischer Rechtsgang; rechtsdogmatisches Erfordernis; rechtssoziologische Notwendigkeit; rechtssoziologische Sicht; rechtsstaatliche Garantie; rechtstatsächliche Sicht; rechtsvergleichender Exkurs; rechtsvergleichende Hinsicht; rechtswidrige Weisung; reines Ermittlungsverfahren; richterliche Aufsicht</subfield><subfield code="2">idssg-J</subfield></datafield><datafield ind1=" " ind2=" " tag="690"><subfield code="a">; richterlicher Freispruch; richterliches Handeln; richterliche Tätigkeit; richterliche Unabhängigkeit; richterliches Urteil; selbstständige Untersuchungstätigkeit; staatliche Tätigkeit; staatsanwaltschaftliche Anklagevertretung; staatsanwaltschaftliche Aufgabe; staatsanwaltschaftliche Mitwirkungsbefugnis; staatsanwaltschaftliche Tätigkeit; staatsanwaltschaftliche Unabhängigkeit; staatsrechtliche Qualifikation; staatsrechtliche Stellung; staatsrechtlicher Vorbehalt; strafbefehlserlassende Behörde; strafprozessuales Vorverfahren; ständiger Interessenvertreter; summarischer Überblick; tabellarische Übersicht; umfangreiche Anklageschrift; unwiderrufliche Letztentscheidung; verankertes Prinzip; verfahrensrechtlicher Vorbehalt; verschiedene Aufsichtsbehörde; vertretene Position; vorbeugendes Eingreifen; vorgebrachtes Argument; vorherrschende Auffassung; weisungsabhängiger Staatsanwalt; weisungsgebundene Staatsanwaltschaft; weisungsunabhängiger Staatsanwalt; weisungsungebundene Staatsanwaltschaft; zuständige Aufsichtsbehörde; zuständige Behörde; zweifelhafte Rechtmäßigkeit; öffentlicher Ankläger; öffentliche Funktion; öffentliches Interesse</subfield><subfield code="2">idssg-J</subfield></datafield><datafield ind1=" " ind2=" " tag="690"><subfield code="a">Schweiz C4EXSI; Frankreich C4EUFR; China C9CHIN; Deutschland C4EUGE; Bayern C4EUGE; Italien C4EUIT; Österreich C4EUAU; Liechtenstein C4EXLI; Welt C00WOR</subfield><subfield code="2">idssg-J</subfield></datafield><datafield ind1=" " ind2=" " tag="690"><subfield code="a">Appenzell- Ausserrhoden; B. Anklageerhebung; B. Antithesen; B. Aufsicht; B. Genehmigungsvorbehalt; B. Notwendigkeit; B. Recht; B. Remonstrationspflicht; B. Staatsanwaltschaft; B. Subsidiaritätsprinzip; B. Unabänderlichkeit; Basel Genf München Inhaltsübersicht; C. Antrags- Einspracherecht; C. Begründungspflicht; C. Entwirrungsbemühungen; C. Erledigungsgründsatz; C. Exkurs; C. Weisungsfreiheit; C. Zusammenfassung; C. Zwischenergebnis; Christoph Mettler; D. Conclusio; D. Gewissensschutz; D. Unvereinbarkeit; D. Voraussetzungen; D. Zusammenfassung; D. Zwischenergebnis; E. Entflechtung; E. Exkurs; E. Zusammenfassung; F. Zusammenfassung; F. Zwischenergebnis; G. Zwischenergebnis; Genehmigungsinstanz untersuchungs- behör dlicher Einstellungsverfügungen; Marc Amstutz; Marcel Alexander Niggli; Plume est serve; St. Gallen; Staatsanwalt chaft; Untersuchungs- behör dlicher; Weisungskompetenz Beförderungsund Absetzungsbefugnissen</subfield><subfield code="2">idssg-J</subfield></datafield><datafield ind1="4" ind2=" " tag="856"><subfield code="u">https://tools.unisg.ch/url/hm00017646</subfield><subfield code="z">Inhaltsverzeichnis</subfield></datafield><datafield ind1=" " ind2="0" tag="830"><subfield code="a">Grundlegendes Recht</subfield><subfield code="v">1</subfield><subfield code="w">(IDSBB)002238354DSV01</subfield></datafield><datafield ind1=" " ind2=" " tag="900"><subfield code="a">IDSZ2zbzdis200102i</subfield><subfield code="c">IDSZ2anto</subfield><subfield code="d">IDSZ2zbzswk200102d</subfield></datafield><datafield ind1=" " ind2=" " tag="900"><subfield code="a">IDSZ2rwidis200102l</subfield><subfield code="c">IDSZ2biss</subfield><subfield code="d">IDSZ2rwiswk200104b</subfield><subfield code="e">IDSZ2buec</subfield></datafield><datafield ind1=" " ind2=" " tag="900"><subfield code="a">Stoppsignal FRED</subfield></datafield><datafield ind1=" " ind2=" " tag="949"><subfield code="a">https://tools.unisg.ch/url/hm00017646</subfield></datafield></record>
</metadata></record>