<record><header><identifier>oai:alma.41SLSP_UGE:991000034309705502</identifier><datestamp>2023-07-01T00:28:23Z</datestamp><setSpec>uge_bcen_RapidILL_BOOK</setSpec><setSpec>uge_aaca_RapidILL_BOOK</setSpec><setSpec>uge_abels_RapidILL_BOOK</setSpec><setSpec>uge_dbu_RapidILL_BOOK</setSpec><setSpec>uge_cmu_RapidILL_BOOK</setSpec><setSpec>uge_mail_RapidILL_BOOK</setSpec><setSpec>uge_abbat_RapidILL_BOOK</setSpec><setSpec>UNIGE_ALL</setSpec><setSpec>uge_acar_RapidILL_BOOK</setSpec><setSpec>uge_aobs_RapidILL_BOOK</setSpec></header><metadata>
<record xmlns="http://www.loc.gov/MARC21/slim" xmlns:xsi="http://www.w3.org/2001/XMLSchema-instance" xsi:schemaLocation="http://www.loc.gov/MARC21/slim http://www.loc.gov/standards/marcxml/schema/MARC21slim.xsd"><leader>04909nam a2200829 c 4500</leader><controlfield tag="001">991000034309705502</controlfield><controlfield tag="005">20230630214348.0</controlfield><controlfield tag="008">201012s2017    sz       l    00| | fre  </controlfield><datafield ind1=" " ind2=" " tag="020"><subfield code="a">9783719039905</subfield><subfield code="q">pbk.</subfield><subfield code="c">CHF 44.00</subfield></datafield><datafield ind1=" " ind2=" " tag="035"><subfield code="a">(swissbib)240008308-41slsp_network</subfield></datafield><datafield ind1=" " ind2=" " tag="035"><subfield code="a">240008308</subfield><subfield code="9">ExL</subfield></datafield><datafield ind1=" " ind2=" " tag="035"><subfield code="a">(IDSSG)000962141HSB01</subfield></datafield><datafield ind1=" " ind2=" " tag="035"><subfield code="a">(IDSBB)006720471DSV01</subfield></datafield><datafield ind1=" " ind2=" " tag="035"><subfield code="a">(IDSLU)001290432ILU01</subfield></datafield><datafield ind1=" " ind2=" " tag="035"><subfield code="a">(NEBIS)011006958EBI01</subfield></datafield><datafield ind1=" " ind2=" " tag="035"><subfield code="a">(RERO)R008685616-41slsp</subfield></datafield><datafield ind1=" " ind2=" " tag="035"><subfield code="a">(EXLNZ-41SLSP_NETWORK)991160479299705501</subfield></datafield><datafield ind1=" " ind2=" " tag="040"><subfield code="a">SzZuIDS HSG</subfield><subfield code="b">ger</subfield><subfield code="e">rda</subfield><subfield code="d">CH-ZuSLS</subfield></datafield><datafield ind1="0" ind2=" " tag="041"><subfield code="a">fre</subfield></datafield><datafield ind1=" " ind2=" " tag="044"><subfield code="a">sz</subfield><subfield code="c">ch-bs</subfield></datafield><datafield ind1=" " ind2="7" tag="072"><subfield code="a">813</subfield><subfield code="2">IDS LU</subfield></datafield><datafield ind1=" " ind2="7" tag="072"><subfield code="a">807</subfield><subfield code="2">IDS LU</subfield></datafield><datafield ind1=" " ind2="7" tag="072"><subfield code="a">dr</subfield><subfield code="2">rero</subfield></datafield><datafield ind1="1" ind2="4" tag="082"><subfield code="a">340</subfield><subfield code="2">15</subfield></datafield><datafield ind1=" " ind2=" " tag="084"><subfield code="a">340</subfield><subfield code="2">sdnb</subfield></datafield><datafield ind1=" " ind2=" " tag="084"><subfield code="a">CA/CH 27 b</subfield><subfield code="2">cjurrom</subfield></datafield><datafield ind1="1" ind2=" " tag="110"><subfield code="a">Schweiz</subfield><subfield code="0">(DE-588)4053881-3</subfield><subfield code="4">enj</subfield></datafield><datafield ind1="1" ind2="0" tag="245"><subfield code="a">Droit international privé</subfield><subfield code="b">loi fédérale et conventions internationales : recueil de textes</subfield><subfield code="c">Andreas Bucher, Florence Guillaume; Editeurs</subfield></datafield><datafield ind1=" " ind2=" " tag="250"><subfield code="a">10e édition</subfield></datafield><datafield ind1=" " ind2="1" tag="264"><subfield code="a">Bâle</subfield><subfield code="b">Helbing Lichtenhahn</subfield><subfield code="c">[2017]</subfield></datafield><datafield ind1=" " ind2=" " tag="300"><subfield code="a">IX, 318 Seiten</subfield></datafield><datafield ind1=" " ind2=" " tag="336"><subfield code="b">txt</subfield><subfield code="2">rdacontent</subfield></datafield><datafield ind1=" " ind2=" " tag="337"><subfield code="b">n</subfield><subfield code="2">rdamedia</subfield></datafield><datafield ind1=" " ind2=" " tag="338"><subfield code="b">nc</subfield><subfield code="2">rdacarrier</subfield></datafield><datafield ind1="0" ind2=" " tag="490"><subfield code="a">Recueil de textes</subfield></datafield><datafield ind1=" " ind2=" " tag="500"><subfield code="a">Dt.-sprachige Ausg. u.d.T.: Internationales Privatrecht : Bundesgesetz und Staatsverträge : Text-Ausgabe</subfield></datafield><datafield ind1=" " ind2=" " tag="500"><subfield code="a">Deutschsprachige Ausgabe unter der Titel: Internationales Privatrecht: Bundesgesetz und Staatsverträge</subfield></datafield><datafield ind1=" " ind2=" " tag="500"><subfield code="a">Etat des textes: 1er juillet 2017</subfield></datafield><datafield ind1=" " ind2=" " tag="504"><subfield code="a">Index.</subfield></datafield><datafield ind1=" " ind2=" " tag="508"><subfield code="a">Autre ed.: Florence Guillaume</subfield></datafield><datafield ind1=" " ind2=" " tag="580"><subfield code="a">Ed. allemande: Internationales Privatrecht : Bundesgesetz und Staatsverträge</subfield></datafield><datafield ind1="1" ind2="7" tag="610"><subfield code="a">Schweiz</subfield><subfield code="t">Bundesgesetz über das internationale Privatrecht</subfield><subfield code="0">(DE-588)4197514-5</subfield><subfield code="2">gnd</subfield></datafield><datafield ind1=" " ind2="7" tag="650"><subfield code="a">Internationales Privatrecht</subfield><subfield code="0">(DE-588)4027446-9</subfield><subfield code="2">gnd</subfield></datafield><datafield ind1=" " ind2="7" tag="650"><subfield code="a">Völkerrechtlicher Vertrag</subfield><subfield code="2">gnd</subfield><subfield code="0">(DE-588)4063696-3</subfield></datafield><datafield ind1=" " ind2="7" tag="650"><subfield code="a">Droit international privé</subfield><subfield code="0">(IDREF)02747433X</subfield><subfield code="2">idref</subfield></datafield><datafield ind1=" " ind2="7" tag="650"><subfield code="a">internationales Privatrecht</subfield><subfield code="9">ger</subfield><subfield code="0">(RERO)jurivoc000011981ger</subfield><subfield code="2">jurivoc</subfield></datafield><datafield ind1=" " ind2="7" tag="650"><subfield code="a">Gesetzessammlung</subfield><subfield code="9">ger</subfield><subfield code="0">(RERO)jurivoc000009897ger</subfield><subfield code="2">jurivoc</subfield></datafield><datafield ind1=" " ind2="7" tag="651"><subfield code="a">Schweiz</subfield><subfield code="0">(DE-588)4053881-3</subfield><subfield code="2">gnd</subfield></datafield><datafield ind1=" " ind2="7" tag="651"><subfield code="a">Suisse</subfield><subfield code="0">(IDREF)027249654</subfield><subfield code="2">idref</subfield></datafield><datafield ind1=" " ind2="7" tag="651"><subfield code="a">Schweiz</subfield><subfield code="9">ger</subfield><subfield code="0">(RERO)jurivoc000019912ger</subfield><subfield code="2">jurivoc</subfield></datafield><datafield ind1=" " ind2="7" tag="655"><subfield code="a">Quelle</subfield><subfield code="2">gnd-content</subfield></datafield><datafield ind1=" " ind2="7" tag="655"><subfield code="a">Législation</subfield><subfield code="0">(IDREF)028457625</subfield><subfield code="2">idref</subfield></datafield><datafield ind1=" " ind2="7" tag="655"><subfield code="a">Textreproduktion</subfield><subfield code="9">ger</subfield><subfield code="2">jurivoc</subfield><subfield code="0">(RERO)jurivoc000022433ger</subfield></datafield><datafield ind1=" " ind2="7" tag="655"><subfield code="a">Traités</subfield><subfield code="0">(IDREF)027442993</subfield><subfield code="2">idref</subfield></datafield><datafield ind1=" " ind2=" " tag="690"><subfield code="a">Abkommen; Schutzmaßnahme; Internationales Abkommen; Privatrecht; Entscheidung; Urteil (Rechtsprechung); Jugendschutz; Bundesgesetz; Konvention; Schweiz; Kind; Urteil; Straftat; Verkauf; Wiederherstellung; Schiedsgerichtsbarkeit; Beweis; Adoption; Belgien; Liechtenstein; Monarchie; Spanien; Österreich</subfield><subfield code="2">idssg-J</subfield></datafield><datafield ind1=" " ind2=" " tag="690"><subfield code="a">Kinderschutzmaßnahme; Gerichtsentscheidung; Sorgerecht; Kindesentführung; Beweisaufnahme; Handelssache; Zivilsache; Schriftstück; Unterhaltspflicht</subfield><subfield code="2">idssg-J</subfield></datafield><datafield ind1=" " ind2=" " tag="690"><subfield code="a">gerichtliches Schriftstück; ausländisch Schieds; aussergerichtliches Schriftstück; deutsches Reich; elterliche Verantwortung; gegenseitige Vollstreckung; gerichtliche Auszeichnung; gerichtliche Entscheidung; gerichtliche Zuständigkeit; gesammelter Text; internationale Adoption; internationale Kindesentführung; internationale Konvention; internationales Privatrecht; internationaler Schutz; internationaler Verkauf; internationaler Vertrieb; internationaler Zugang; kollisionsrechtliche Bestimmung; schweizerische Eidgenossenschaft; zivilrechtlicher Aspekt</subfield><subfield code="2">idssg-J</subfield></datafield><datafield ind1=" " ind2=" " tag="690"><subfield code="a">Schweiz C4EXSI; Italien C4EUIT; Belgien C4EUBL; Spanien C4EUSP; Österreich C4EUAU; Liechtenstein C4EXLI</subfield><subfield code="2">idssg-J</subfield></datafield><datafield ind1=" " ind2=" " tag="690"><subfield code="a">international Privatrecht Bundesgesetz; Konvention Andréas Bûcher Florence Guillaume Redakteure Helbing; Redakteur Helbing; Schiedsspruch Ausländischen Schieds; Zusammenarbeit Internationale Adoption</subfield><subfield code="2">idssg-J</subfield></datafield><datafield ind1=" " ind2=" " tag="691"><subfield code="e">PC 27 CH</subfield><subfield code="2">rzs-L1</subfield></datafield><datafield ind1="1" ind2=" " tag="700"><subfield code="a">Guillaume, Florence</subfield><subfield code="0">(DE-588)1080970770</subfield><subfield code="4">edt</subfield></datafield><datafield ind1="1" ind2=" " tag="700"><subfield code="a">Guillaume, Florence</subfield><subfield code="d">19..-....</subfield><subfield code="0">(IDREF)056216696</subfield><subfield code="4">edt</subfield></datafield><datafield ind1="1" ind2=" " tag="700"><subfield code="6">880-02</subfield><subfield code="a">Bucher, Andreas</subfield><subfield code="d">1946-</subfield><subfield code="0">(DE-588)1064028683</subfield><subfield code="4">edt</subfield></datafield><datafield ind1="1" ind2=" " tag="880"><subfield code="6">700-02</subfield><subfield code="a">Bucher, Andreas</subfield><subfield code="0">(IDREF)050819402</subfield><subfield code="4">edt</subfield></datafield><datafield ind1="1" ind2="2" tag="710"><subfield code="a">Suisse</subfield><subfield code="t">Lois et arrêtés</subfield></datafield><datafield ind1="0" ind2=" " tag="775"><subfield code="t">Internationales Privatrecht : Bundesgesetz und Staatsverträge</subfield></datafield><datafield ind1="0" ind2="8" tag="775"><subfield code="t">Internationales Privatrecht</subfield><subfield code="w">(IDSBB)006720511DSV01</subfield><subfield code="n">deutsch</subfield></datafield><datafield ind1="4" ind2=" " tag="856"><subfield code="3">Titelblatt und Inhaltsverzeichnis</subfield><subfield code="u">https://toc.library.ethz.ch/objects/pdf03/z16_978-3-7190-3990-5_01.pdf</subfield><subfield code="q">pdf</subfield></datafield><datafield ind1=" " ind2=" " tag="900"><subfield code="a">Stoppsignal FRED</subfield></datafield><datafield ind1=" " ind2=" " tag="900"><subfield code="a">IDSZ2rwimon201709f</subfield><subfield code="c">IDSZ2rosi 170913</subfield><subfield code="d">IDSZ2rwiswk201709g</subfield><subfield code="e">IDSZ2judu</subfield></datafield><datafield ind1=" " ind2=" " tag="900"><subfield code="a">IDSZ2zbzmon201804l</subfield><subfield code="c">IDSZ2lire</subfield><subfield code="d">IDSZ2zbzswk201804g</subfield><subfield code="e">IDSZ2bruu</subfield></datafield><datafield ind1=" " ind2=" " tag="911"><subfield code="a">700</subfield><subfield code="a">Bucher, Andreas</subfield><subfield code="d">1946-</subfield></datafield><datafield ind1=" " ind2=" " tag="949"><subfield code="a">https://toc.library.ethz.ch/objects/pdf03/z16_978-3-7190-3990-5_01.pdf</subfield></datafield></record>
</metadata></record>