<record><header><identifier>oai:alma.41SLSP_UGE:991000033889705502</identifier><datestamp>2024-04-13T00:14:29Z</datestamp><setSpec>uge_bcen_RapidILL_BOOK</setSpec><setSpec>uge_aaca_RapidILL_BOOK</setSpec><setSpec>uge_abels_RapidILL_BOOK</setSpec><setSpec>uge_dbu_RapidILL_BOOK</setSpec><setSpec>uge_cmu_RapidILL_BOOK</setSpec><setSpec>uge_mail_RapidILL_BOOK</setSpec><setSpec>uge_abbat_RapidILL_BOOK</setSpec><setSpec>UNIGE_ALL</setSpec><setSpec>uge_aobs_RapidILL_BOOK</setSpec><setSpec>uge_acar_RapidILL_BOOK</setSpec></header><metadata>
<record xmlns="http://www.loc.gov/MARC21/slim" xmlns:xsi="http://www.w3.org/2001/XMLSchema-instance" xsi:schemaLocation="http://www.loc.gov/MARC21/slim http://www.loc.gov/standards/marcxml/schema/MARC21slim.xsd"><leader>01573nam a2200361 c 4500</leader><controlfield tag="001">991000033889705502</controlfield><controlfield tag="005">20230220190838.0</controlfield><controlfield tag="008">150228s2015    fr ||||| |||| 00| ||fre d</controlfield><datafield ind1=" " ind2=" " tag="020"><subfield code="a">9782754065818</subfield></datafield><datafield ind1="7" ind2=" " tag="024"><subfield code="a">http://catalogue.bnf.fr/ark:/12148/cb443065429</subfield><subfield code="2">uri</subfield></datafield><datafield ind1=" " ind2=" " tag="035"><subfield code="a">(swissbib)121258289-41slsp_network</subfield></datafield><datafield ind1=" " ind2=" " tag="035"><subfield code="a">121258289</subfield><subfield code="9">ExL</subfield></datafield><datafield ind1=" " ind2=" " tag="035"><subfield code="a">(RERO)R008082352-41slsp</subfield></datafield><datafield ind1=" " ind2=" " tag="035"><subfield code="a">(EXLNZ-41SLSP_NETWORK)991006298019705501</subfield></datafield><datafield ind1=" " ind2=" " tag="040"><subfield code="a">RERO nebpup</subfield><subfield code="d">CH-ZuSLS</subfield></datafield><datafield ind1=" " ind2="7" tag="072"><subfield code="a">me</subfield><subfield code="2">rero</subfield></datafield><datafield ind1="1" ind2=" " tag="100"><subfield code="a">Shore, Stephen M.</subfield><subfield code="d">1961-....</subfield><subfield code="0">(IDREF)184834899</subfield><subfield code="4">cre</subfield></datafield><datafield ind1="1" ind2="0" tag="245"><subfield code="a">Comprendre l'autisme pour les nuls</subfield><subfield code="c">Stephen M. Shore, Linda G. Rastelli ; [adapté par Josef Schovanec et Caroline Glorion]</subfield></datafield><datafield ind1=" " ind2="1" tag="264"><subfield code="a">Paris</subfield><subfield code="b">First</subfield><subfield code="c">2015</subfield></datafield><datafield ind1=" " ind2=" " tag="300"><subfield code="a">382 p.</subfield><subfield code="b">ill.</subfield></datafield><datafield ind1=" " ind2=" " tag="336"><subfield code="b">txt</subfield><subfield code="2">rdacontent</subfield></datafield><datafield ind1=" " ind2=" " tag="337"><subfield code="b">n</subfield><subfield code="2">rdamedia</subfield></datafield><datafield ind1=" " ind2=" " tag="338"><subfield code="b">nc</subfield><subfield code="2">rdacarrier</subfield></datafield><datafield ind1="0" ind2=" " tag="490"><subfield code="a">Pour les nuls</subfield></datafield><datafield ind1=" " ind2=" " tag="500"><subfield code="a">La couverture porte en plus : &quot;Comment diagnostiquer l'autisme ; Les différents syndromes : Asperger, Rett ; Enfant, adulte, trouver l'aide nécessaire et savoir réagir&quot;. Et encore: Avec les Nuls, tout devient facile!</subfield></datafield><datafield ind1=" " ind2=" " tag="500"><subfield code="a">Traduit de: Understanding autism for dummies</subfield></datafield><datafield ind1=" " ind2=" " tag="500"><subfield code="a">Avant-propos de Temple Grandin</subfield></datafield><datafield ind1=" " ind2=" " tag="500"><subfield code="a">Titre du dos: Tout ce qu'il y a à savoir sur l'autisme</subfield></datafield><datafield ind1=" " ind2=" " tag="504"><subfield code="a">Bibliogr.: p. 374-375. Liste de sites internet:  p. 370-373. Index</subfield></datafield><datafield ind1=" " ind2="7" tag="650"><subfield code="a">Autisme</subfield><subfield code="0">(IDREF)027220451</subfield><subfield code="2">idref</subfield></datafield><datafield ind1="1" ind2=" " tag="700"><subfield code="a">Glorion, Caroline</subfield><subfield code="d">1954-....</subfield><subfield code="0">(IDREF)050630822</subfield></datafield><datafield ind1="1" ind2=" " tag="700"><subfield code="a">Schovanec, Josef</subfield><subfield code="c">philosophe et sociologue</subfield><subfield code="d">1981-....</subfield><subfield code="0">(IDREF)123621844</subfield></datafield><datafield ind1="1" ind2=" " tag="700"><subfield code="a">Rastelli, Linda G.</subfield><subfield code="d">19..-....</subfield><subfield code="0">(IDREF)18483550X</subfield></datafield><datafield ind1=" " ind2=" " tag="900"><subfield code="a">REROnoselfmerge</subfield></datafield></record>
</metadata></record><resumptionToken>1900-01-01@all@UNIGE_ALL@marc21@5986456370005502</resumptionToken></ListRecords></OAI-PMH>